=LDR  04308 am a22004817i 4500
=001  015907730
=003  Uk
=005  20111010153255.0
=006  m\\\\|\\\d\|\\\\\\
=007  cr||||||||||||
=008  100407s2008\\\\enk\\\\\sbm\\\000\0\eng\\
=040  \\$aUk$beng$cUk
=082  14$a616.99$215
=100  1\$aPomeranz, Karen M.
=245  10$aRegulation of FoxO transcription factors in breast cancer$h[electronic resource] /$cKaren M. Pomeranz.
=260  \\$aLondon :$bImperial College London,$c2008.
=300  \\$a266 p. :$bdigital, PDF file.
=336  \\$atext$2rdacontent
=337  \\$acomputer$2rdamedia
=338  \\$aonline resource$2rdacarrier
=502  \\$aThesis (Ph.D.)--Imperial College London, 2008.
=504  \\$aIncludes bibliographical references.
=520  3\$aBreast cancer is the world's most prevalent cancer. Although several drugs and chemotherapeutic strategies have been developed to tackle breast cancer, to date most patients eventually acquire resistance to these anticancer therapies. Therefore, identifying ways to increase the efficiency of currently used chemotherapeutic drugs and the development of new drugs for breast cancer treatment is essential. One way to achieve this goal is by identifying cellular targets which play a pivotal role in tumourigenesis and tumour progression. Paclitaxel belongs to a class of naturally occurring anti microtubule agents used for the treatment of malignancies such as breast cancer. Previous work has shown that FoxO3a, a transcription factor downstream of the phosphotidylinsitol-3-kinase/Akt signalling pathway, mediates apoptosis and cell cycle arrest in breast cancer cells in response to paclitaxel treatment. In order to elucidate the significance of FoxO expression and activation in response to paclitaxel treatment and oxidative stress (which is caused by paclitaxel treatment), I investigated the regulation of FoxO in endometrial and breast cancer cells. Both paclitaxel and oxidative stress were found to upregulate FoxO expression at the protein, mRNA and gene-promoter levels. Moreover, treatment with paclitaxel and hydrogen peroxide were shown to increase FoxO3a protein stability. Paclitaxel treatment resulted in JNK mediated nuclear accumulation of FoxO3a with a corresponding reduction in Akt activity. JNK was also shown to induce FoxO3a gene-promoter activity and to phosphorylate FoxO3a at two sites. These phosphorylation events may be important in the regulation of FoxO3a stability and activity. I also investigated the function of FoxO3a, by studying the role of BTG1, a downstream target of FoxO3a. I found that BTG1 expression was induced at the gene-promoter level by FoxO3a in MCF-7 cells. The use of a BTG1 inducible MCF-7 cell line revealed that over-expression of BTG1 results in changes in the expression levels of cell cycle regulators, reduction in cell growth and accumulation of cells in the G2/M phase of the cell cycle. Taken together, these results show that FoxO expression and activity are upregulated following paclitaxel treatment and demonstrate that the PI3K/Akt/FoxO and JNK signalling pathways cross-talk at least at two levels. Furthermore, these results indicate that FoxO expression levels may serve as bio-marker for determining the effectiveness of paclitaxel treatment of breast cancer patients and that FoxOs may serve as a potential target for anti-cancer chemotherapeutic intervention.
=536  \\$aFunded by the Westminster Oncology Trust
=538  \\$aMode of access: World Wide Web.
=710  2\$aImperial College, London.
=852  4\$aBritish Library$bDSC$cDRT$j495434
=856  40$uhttp://hdl.handle.net/10044/1/4253
=859  \\$aXLD$bEThOS
=CAT  \\$aETHOSBKLG$b00$c20111010$lBLL01$h1532
=CAT  \\$aETHOSBKLG$c20111010$lBLL01$h1605
=CAT  \\$aETHOSBKLG$c20111010$lBLL01$h1629
=CAT  \\$aBATCH$b00$c20111010$lBLL01$h1816
=CAT  \\$aBATCH-UPD$b00$c20121030$lBLL01$h1022
=CAT  \\$aWR13.117$c20130727$lBLL01$h2003
=CAT  \\$aWR13.144/5$c20140418$lBLL01$h1023
=CAT  \\$aBATCH-ETHO$b00$c20160102$lBLL01$h0143
=DRT  \\$aETHOS
=FIN  \\$aY$d20111010
=FMT  \\$a  BK
=LAS  \\$aBATCH-ETHO$b00$c20160102$lBLL01$h0143
=SRC  \\$aEThOS$bethos_marc_111007.mrc
=STA  \\$aSUPPRESSED$bEThOS can't supply or embargoed

