=LDR  04081 am a22004817i 4500
=001  015914471
=003  Uk
=005  20111010153358.0
=006  m\\\\\\\\d\\\\\\\\
=007  cr\|||||||||||
=008  111010s2009\\\\xxk\\\\\sbm\\\000\0\eng\\
=040  \\$aUk$beng$cUk$dUk
=082  14$a530$215
=100  1\$aAuksorius, Egidijus.
=245  10$aMultidimensional Fluorescence Imaging and Super-resolution Exploiting Ultrafast Laser and Supercontinuum Technology$h[electronic resource].
=260  \\$bImperial College, London,$c2009.
=300  \\$ap. :$bdigital, PDF file.
=336  \\$atext$2rdacontent
=337  \\$acomputer$2rdamedia
=338  \\$aonline resource$2rdacarrier
=502  \\$aThesis (Ph.D.)--Imperial College London (University of London), 2009.
=504  \\$aIncludes bibliographical references.
=520  3\$aThis thesis centres on the development of multidimensional fluorescence imaging tools, with a particular emphasis on fluorescence lifetime imaging (FLIM) microscopy for application to biological research. The key aspects of this thesis are the development and application of tunable supercontinuum excitation sources based on supercontinuum generation in microstructured optical fibres and the development of stimulated emission depletion (STED) microscope capable of fluorescence lifetime imaging beyond the diffraction limit. The utility of FLIM for biological research is illustrated by examples of experimental studies of the molecular structure of sarcomeres in muscle fibres and of signalling at the immune synapse. The application of microstructured optical fibre to provide tunable supercontinuum excitation source for a range of FLIM microscopes is presented, including wide-field, Nipkow disk confocal and hyper-spectral line scanning FLIM microscopes. For the latter, a detailed description is provided of the supercontinuum source and semi-confocal line-scanning microscope configuration that realised multidimensional fluorescence imaging, resolving fluorescence images with respect to excitation and emission wavelength, fluorescence lifetime and three spatial dimensions. This included the first biological application of a fibre laser-pumped supercontinuum exploiting a tapered microstructured optical fibre that was able to generate a spectrally broad output extending to ~ 350 nm in the ultraviolet. The application of supercontinuum generation to the first super-resolved FLIM microscope is then described. This novel microscope exploited the concept of STED with a femtosecond mode-locked Ti:Sapphire laser providing a tunable excitation beam by pumping microstructured optical fibre for supercontinuum generation and directly providing the (longer wavelength) STED beam. This STED microscope was implemented in a commercial scanning confocal microscope to provide compatibility with standard biological imaging, and exploited digital holography using a spatial light modulator (SLM) to provide the appropriate phase manipulation for shaping the STED beam profile and to compensate for aberrations. The STED microscope was shown to be capable of recording super resolution in both the lateral and axial planes, according to the settings of the SLM.
=538  \\$aMode of access: World Wide Web.
=710  2\$aImperial College, London.
=852  4\$aBritish Library$bDSC$cDRT$j503157
=856  40$uhttp://hdl.handle.net/10044/1/4201
=859  \\$aXLD$bEThOS
=CAT  \\$aETHOSBKLG$b00$c20111010$lBLL01$h1533
=CAT  \\$aETHOSBKLG$c20111010$lBLL01$h1606
=CAT  \\$aETHOSBKLG$c20111010$lBLL01$h1630
=CAT  \\$aBATCH$b00$c20111010$lBLL01$h1819
=CAT  \\$aBATCH-UPD$b00$c20121030$lBLL01$h1022
=CAT  \\$aWR13.117$c20130727$lBLL01$h2006
=CAT  \\$aWR13.144/5$c20140418$lBLL01$h1025
=CAT  \\$aBATCH-ETHO$b00$c20160102$lBLL01$h0143
=CAT  \\$aBATCH-ETH8$c20170506$lBLL01$h1039
=DRT  \\$aETHOS
=FIN  \\$aY$d20111010
=FMT  \\$a  BK
=LAS  \\$aBATCH-ETH8$b00$c20170506$lBLL01$h1039
=SRC  \\$aEThOS$bethos_marc_111007.mrc
=STA  \\$aSUPPRESSED$bEThOS can't supply or embargoed

