=LDR  03829 am a22004697i 4500
=001  015914472
=003  Uk
=005  20111010153358.0
=006  m\\\\|\\\d\|\\\\\\
=007  cr||||||||||||
=008  100407s2008\\\\enk\\\\\sbm\\\000\0\eng\\
=040  \\$aUk$beng$cUk
=082  14$a572.8$215
=100  1\$aKiskinis, Evangelos.
=245  10$aRegulation of gene expression by the nuclear receptor corepressor RIP140 in adipocytes$h[electronic resource] /$cEvangelos Kiskinis.
=260  \\$aLondon :$bImperial College London,$c2008.
=300  \\$a248 p. :$bdigital, PDF file.
=336  \\$atext$2rdacontent
=337  \\$acomputer$2rdamedia
=338  \\$aonline resource$2rdacarrier
=502  \\$aThesis (Ph.D.)--Imperial College London, 2008.
=504  \\$aIncludes bibliographical references.
=520  3\$aNuclear receptors (NR) are ligand-induced transcription factors that regulate the expression of genes involved in a number of physiological processes including metabolism. Their ability to regulate transcription is dependent on the recruitment of specific cofactors that remodel chromatin and promote the assembly of the basal transcriptional machinery. Receptor interacting protein 140 (RIP140) is a corepressor for NRs that utilizes four independent repression domains to inhibit gene expression of target genes. While RIP140-null mice develop around 70% less white adipose tissue than wild-type littermates, the process of adipogenesis is unaffected in RIP140-null and RIP140-expressing cells. To elucidate the intrinsic role of RIP140 in adipocytes I used full mouse genome arrays to compare the gene expression profiles of pre-adipocytes and adipocytes with and without RIP140. I demonstrate that the transcriptional corepressor negatively regulates major gene clusters in a number of metabolic pathways including glycolysis, TCA cycle, oxidative phosphorylation, fatty acid oxidation and glycerol metabolism. Additionally, a futile metabolic cycle of triglyceride recycling is activated in RIP140 null adipocytes. In order to determine the molecular mechanism of RIP140 repression I analysed the epigenetic profile of Ucp1, a gene which is typically expressed in brown but not white adipocytes. I utilized RIP140-null and RIP140-expressing adipocytes and found that RIP140 is essential for both DNA and histone methylation to maintain gene repression. RIP140 expression promotes the assembly of DNA and histone methyltransferases on the Ucp1 enhancer and leads to methylation of specific CpG residues and histones as judged by bisulphite genomic sequencing and chromatin immunoprecipitation assays. These results suggest that RIP140 serves as a scaffold for both DNA and histone methyltransferase activities to inhibit gene transcription by two key epigenetic repression systems. RIP140 could potentially act to divert white adipocytes from a brown fat phenotype by repressing genes involved in fatty acid oxidation and mitochondrial respiration and by silencing genes like Ucp1.
=538  \\$aMode of access: World Wide Web.
=710  2\$aImperial College, London.
=852  4\$aBritish Library$bDSC$cDRT$j503158
=856  40$uhttp://hdl.handle.net/10044/1/4247
=859  \\$aXLD$bEThOS
=CAT  \\$aETHOSBKLG$b00$c20111010$lBLL01$h1533
=CAT  \\$aETHOSBKLG$c20111010$lBLL01$h1606
=CAT  \\$aETHOSBKLG$c20111010$lBLL01$h1630
=CAT  \\$aBATCH$b00$c20111010$lBLL01$h1819
=CAT  \\$aBATCH-UPD$b00$c20121030$lBLL01$h1022
=CAT  \\$aWR13.117$c20130727$lBLL01$h2006
=CAT  \\$aWR13.144/5$c20140418$lBLL01$h1025
=CAT  \\$aBATCH-ETHO$b00$c20161002$lBLL01$h0128
=DRT  \\$aETHOS
=FIN  \\$aY$d20111010
=FMT  \\$a  BK
=LAS  \\$aBATCH-ETHO$b00$c20161002$lBLL01$h0128
=SRC  \\$aEThOS$bethos_marc_111007.mrc
=STA  \\$aSUPPRESSED$bEThOS can't supply or embargoed

