=LDR  02739 am a22004817a 4500
=001  015914474
=003  Uk
=005  20111010153358.0
=006  m\\\\\\\\d\\\\\\\\
=007  cr\|||||||||||
=008  111010s2008\\\\xxk\\\\\sbm\\\000\0\eng\\
=040  \\$aUk$beng$cUk$dUk
=082  04$a615.329$223
=100  1\$aRzepa, Paula Rocha.
=245  10$aStudies towards lactonamycin$h[electronic resource] :$bapproaches to O-glycoside formation.
=260  \\$bImperial College, London,$c2008.
=300  \\$ap. :$bdigital, PDF file.
=336  \\$atext$2rdacontent
=337  \\$acomputer$2rdamedia
=338  \\$aonline resource$2rdacarrier
=502  \\$aThesis (Ph.D.)--Imperial College, London, 2008.
=504  \\$aIncludes bibliographical references.
=520  3\$aPlease note: Abstract contains images which cannot be displayed. The total synthesis of lactonamycin (1), a natural product isolated from a soil sample, by Matsomoto and co-workers1 is currently under investigation. Lactonamycin (1) possesses antimicrobal activity against Gram-Positive bacteria including MRSA and VRE as well as appreciable levels of cytotoxicity against tumor cell lines. A highly oxygenated fused perhydrofuran-furanone structural motif and a naphtha[e]isoindole ring system make up the hexacylcic core of lactonamycin (1). Adding to the structural complexity, a 2,3,6-trideoxy sugar unit is connected to the core structure via a highly hindered tertiary glycosidic linkage. Various strategies for glycosidation, using the known ABCD alcohol (Ã,Â±)-2 as a model for the tertiary alcohol of lactonamycin (1) are discussed. Of these include, the use of classical glycosidation approaches and more novel strategies that employ open chain glycosyl donors. In particular, the synthesis of glycoside 4 and subsequent investigations towards target compound 5 are described.
=538  \\$aMode of access: World Wide Web.
=710  2\$aImperial College, London.
=852  4\$aBritish Library$bDSC$cDRT$j503161
=856  40$uhttp://hdl.handle.net/10044/1/4254
=859  \\$aXLD$bEThOS
=CAT  \\$aETHOSBKLG$b00$c20111010$lBLL01$h1533
=CAT  \\$aETHOSBKLG$c20111010$lBLL01$h1606
=CAT  \\$aETHOSBKLG$c20111010$lBLL01$h1630
=CAT  \\$aBATCH$b00$c20111010$lBLL01$h1819
=CAT  \\$aBATCH-UPD$b00$c20121030$lBLL01$h1022
=CAT  \\$aWR13.117$c20130727$lBLL01$h2006
=CAT  \\$aWR13.144/5$c20140418$lBLL01$h1025
=CAT  \\$aBATCH-ETHO$b00$c20150802$lBLL01$h0151
=CAT  \\$aBATCH-ETH8$c20170506$lBLL01$h1039
=DRT  \\$aETHOS
=FIN  \\$aY$d20111010
=FMT  \\$a  BK
=LAS  \\$aBATCH-ETH8$b00$c20170506$lBLL01$h1039
=SRC  \\$aEThOS$bethos_marc_111007.mrc
=STA  \\$aSUPPRESSED$bEThOS can't supply or embargoed

