=LDR  03357 am a22004937a 4500
=001  015914475
=003  Uk
=005  20111010153358.0
=006  m\\\\\\\\d\\\\\\\\
=007  cr\|||||||||||
=008  111010s2008\\\\xxk\\\\\sbm\\\000\0\eng\\
=040  \\$aUk$beng$cUk$dUk
=082  04$a621.31$223
=100  1\$aOoi, Zi En.
=245  10$aOn the corrected photocurrent of organic bulk heterojunctiion solar cells$h[electronic resource].
=260  \\$bImperial College, London,$c2008.
=300  \\$a183 p. :$bdigital, PDF file.
=336  \\$atext$2rdacontent
=337  \\$acomputer$2rdamedia
=338  \\$aonline resource$2rdacarrier
=502  \\$aThesis (Ph.D.)--Imperial College, London, 2008.
=504  \\$aIncludes bibliographical references.
=520  3\$aThe measured photocurrent of a solar cell may be considered the sum of a photogenerated current due solely to the influx of photons, and a photovoltage-induced current due to carrier injection at the electrodes. Correcting the measured photocurrent for the injected current yields the voltage dependence of the photogenerated current alone. This corrected photocurrent can provide valuable insight into the processes governing the behaviour of a solar cell, yet is seldom measured or discussed within the community. In this dissertation, an original experimental technique designed specifically for the reliable measurement of the corrected photocurrent is described, with the intent of applying it to organic bulk-heterojunction solar cells. Solar cells based on a number of donor-acceptor combinations were investigated. Using the experimental technique developed here, corrected photocurrent-voltage characteristics exhibiting remarkably anti-symmetric profiles were obtained and subsequently rationalised with a simple physical model. From the perspective of this model, the nature of charge extraction at the electrodes - and how this is affected by processes such as thermal annealing - was examined. Finally, a new low band-gap, small-molecule acceptor material was used in bulk-heterojunction solar cells, and shown to promising photovoltaic performance. Interestingly, these devices exhibited anomalous current-voltage characteristics, which, on closer examination, could be explained by an electric field dependence in the photogeneration rate. Throughout this work, particular attention was given to how these findings may be used to improve device efficiencies.
=536  \\$aSponsored by: A*STAR
=538  \\$aMode of access: World Wide Web.
=710  2\$aImperial College, London.
=852  4\$aBritish Library$bDSC$cDRT$j503163
=856  40$uhttp://hdl.handle.net/10044/1/4259
=859  \\$aXLD$bEThOS
=CAT  \\$aETHOSBKLG$b00$c20111010$lBLL01$h1533
=CAT  \\$aETHOSBKLG$c20111010$lBLL01$h1606
=CAT  \\$aETHOSBKLG$c20111010$lBLL01$h1630
=CAT  \\$aBATCH$b00$c20111010$lBLL01$h1819
=CAT  \\$aBATCH-UPD$b00$c20121030$lBLL01$h1022
=CAT  \\$aWR13.117$c20130727$lBLL01$h2006
=CAT  \\$aWR13.144/5$c20140418$lBLL01$h1025
=CAT  \\$aBATCH-ETHO$b00$c20140502$lBLL01$h0138
=CAT  \\$aBATCH-ETH8$c20170506$lBLL01$h1039
=DRT  \\$aETHOS
=FIN  \\$aY$d20111010
=FMT  \\$a  BK
=LAS  \\$aBATCH-ETH8$b00$c20170506$lBLL01$h1039
=SRC  \\$aEThOS$bethos_marc_111007.mrc
=STA  \\$aSUPPRESSED$bEThOS can't supply or embargoed

