=LDR  04829 am a22004817a 4500
=001  015914476
=003  Uk
=005  20111010153358.0
=006  m\\\\\\\\d\\\\\\\\
=007  cr\|||||||||||
=008  111010s2008\\\\xxk\\\\\sbm\\\000\0\eng\\
=040  \\$aUk$beng$cUk$dUk
=082  04$a530.417$223
=100  1\$aTeng, Chien-Lung.
=245  10$aInvestigation of Electrodeposited Magnetite Films$h[electronic resource] :$bFormation and Characterization.
=260  \\$bImperial College, London,$c2008.
=300  \\$ap. :$bdigital, PDF file.
=336  \\$atext$2rdacontent
=337  \\$acomputer$2rdamedia
=338  \\$aonline resource$2rdacarrier
=502  \\$aThesis (Ph.D.)--Imperial College London, 2008.
=504  \\$aIncludes bibliographical references.
=520  3\$aMagnetite (Fe3O4) is of both scientific and technological interest because of its fascinating magnetic properties. It has a high Curie temperature of 860 K and a theoretical 100% spin polarization at the Fermi level. There are a variety of deposition techniques to form thin films of magnetite, such as molecular beam epitaxy (MBE), pulsed laser deposition (PLD), iron oxidation, sputtering and so on. In comparison with other deposition methods mentioned above, electrodeposition has a key advantage of relatively low processing temperature. The intention of this work was to investigate magnetite (Fe3O4) thin films grown via an electrochemical route by using various kinds of characterization techniques, especially on morphology, chemical composition, structure and magnetic properties. Fe3O4 thin films were obtained by using a galvanostatic or potentiostatic deposition from simple aqueous solutions of ferrous salts. Iron oxide thin films have been grown at different current densities and temperatures onto polycrystalline copper substrates. XRD results indicate that Fe3O4 is formed at 90 oC at an applied current density of 0.05 mAÂ·cm-2. Lower growth temperatures can cause the formation of another phase, a-FeOOH at a certain concentration of Fe2+ and pH buffer. Time-dependent growth of the iron oxides exhibits nucleation and coalescence. In order to obtain uniform Fe3O4 film surface, longer deposition times are needed. The influence of applied potential on the characteristics of the deposited iron oxide was examined. The formation of Fe3O4 in a low potential regime (< 100 mV) vs. gold reference electrode while iron oxyhydroxides such as goethite (a-FeOOH) and lepidocrocite (?-FeOOH) are favoured for E > 100 mV. The magnetic properties of the films were found to be strongly dependent on the deposition potential. The multi-layer structure of Fe3O4/a-FeOOH/Fe3O4 onto NiO/Ni substrates has been demonstrated via successive deposition. A TEM cross-section image shows a-FeOOH is coherently formed between two ferromagnetic layers. ADF-STEM micrographs show that Fe3O4 has a columnar structure and has less composition variation compared to that grown onto a polycrystalline copper substrate. Synchrotron techniques, i.e. x-ray absorption near edge structure (XANES) and x-ray magnetic circular dichroism (XMCD), were performed to examine the iron oxide film. Fe K-edge x-ray absorption spectra demonstrate that the films grown at low potential regime (< 100 mV) have a comparable valency state with the standard Fe3O4 sample. The identification of the iron oxide was further confirmed by using XMCD technique. The calculation of the asymmetry ratio suggests that the total magnetic moment increased with decreasing applied potential. In addition, vibrating sample magnetometer (VSM) data show that the magnetic response is somewhat slower for the iron oxide grown at higher potential regime. A change of pH in the electrolyte does not change the lattice constant and film morphology or texture but does affect particle sizes in Fe3O4 thin films. This decrease with the pH is due to the reaction of FeOH+ ions with molecular oxygen in electrolyte.
=538  \\$aMode of access: World Wide Web.
=710  2\$aImperial College, London.
=852  4\$aBritish Library$bDSC$cDRT$j503164
=856  40$uhttp://hdl.handle.net/10044/1/4260
=859  \\$aXLD$bEThOS
=CAT  \\$aETHOSBKLG$b00$c20111010$lBLL01$h1533
=CAT  \\$aETHOSBKLG$c20111010$lBLL01$h1606
=CAT  \\$aETHOSBKLG$c20111010$lBLL01$h1630
=CAT  \\$aBATCH$b00$c20111010$lBLL01$h1819
=CAT  \\$aBATCH-UPD$b00$c20121030$lBLL01$h1022
=CAT  \\$aWR13.117$c20130727$lBLL01$h2006
=CAT  \\$aWR13.144/5$c20140418$lBLL01$h1025
=CAT  \\$aBATCH-ETHO$b00$c20140502$lBLL01$h0138
=CAT  \\$aBATCH-ETH8$c20170506$lBLL01$h1039
=DRT  \\$aETHOS
=FIN  \\$aY$d20111010
=FMT  \\$a  BK
=LAS  \\$aBATCH-ETH8$b00$c20170506$lBLL01$h1039
=SRC  \\$aEThOS$bethos_marc_111007.mrc
=STA  \\$aSUPPRESSED$bEThOS can't supply or embargoed

