=LDR  04256 am a22004937a 4500
=001  015914477
=003  Uk
=005  20111010153358.0
=006  m\\\\\\\\d\\\\\\\\
=007  cr\|||||||||||
=008  111010s2008\\\\xxk\\\\\sbm\\\000\0\eng\\
=040  \\$aUk$beng$cUk$dUk
=082  04$a628$223
=100  1\$aBouzalakos, Steve.
=245  10$aControlled Low-Strength Materials Containing Solid Waste from Minerals Bioleaching$h[electronic resource].
=260  \\$bImperial College, London,$c2008.
=300  \\$ap. :$bdigital, PDF file.
=336  \\$atext$2rdacontent
=337  \\$acomputer$2rdamedia
=338  \\$aonline resource$2rdacarrier
=502  \\$aThesis (Ph.D.)--Imperial College London (University of London), 2008.
=504  \\$aIncludes bibliographical references.
=520  3\$aSustainable treatment and disposal of mine waste is a serious environmental issue faced by the mining industry worldwide. Conventional methods of mine waste management predominantly involve indefinite retention in engineered tailings dams. The cost and liability of such surface storage facilities have increased significantly in recent years as an outcome of stringent environmental legislation and mine closure requirements gradually transforming the economics of mine waste disposal. Backfill methods, particularly cemented paste backfill, are increasingly perceived as sustainable, environmentally friendly and cost-effective alternatives as they put waste material to practical use. Controlled low-strength materials (CLSM) offer an effective and practical alternative to similar analogues - requiring minimal compaction, being self-levelling and excavatable in the future if necessary. The aim of this research was to develop and evaluate CLSM, previously un-tested at mines, in which novel utilisation of bioleach waste is maximised and Portland cement content minimised while satisfying performance requirements for classification as CLSM. Leachability of toxic substances was minimised through encapsulating CLSM within a coating of relatively inert CLSM. Formulation and optimisation of CLSM using statistical mixture design and response surface analysis has ensured proper understanding of component interactions and influence on mechanical strength with a minimum amount of experiments. Optimised CLSM formulations were tested for their mechanical, physical, micro-structural, mineralogical and chemical properties. Effects of encapsulation were determined by assessing chemical leaching. The work indicated that bioleach waste could be beneficially reformed as CLSM of appropriate compressive strength for application in groundwork as loadbearing materials. Porosity and hydraulic conductivity were correspondingly high. Leachability of arsenic, barium, chromium, lead and zinc was significant (levels varied depending on waste type). Encapsulation significantly reduced leachability indicating promising potential for implementation of this technology in the mining industry. The research presented in this thesis substantiated the need for, and potential of, sustainable novel alternative technologies such as CLSM to augment future waste management strategies in the mining industry via safe emplacement of solid bioleach waste in the sub-surface.
=536  \\$aSponsored by: European Commission under the Sixth Framework Programme for Research and Development
=538  \\$aMode of access: World Wide Web.
=710  2\$aImperial College, London.
=852  4\$aBritish Library$bDSC$cDRT$j503167
=856  40$uhttp://hdl.handle.net/10044/1/4265
=859  \\$aXLD$bEThOS
=CAT  \\$aETHOSBKLG$b00$c20111010$lBLL01$h1533
=CAT  \\$aETHOSBKLG$c20111010$lBLL01$h1606
=CAT  \\$aETHOSBKLG$c20111010$lBLL01$h1630
=CAT  \\$aBATCH$b00$c20111010$lBLL01$h1819
=CAT  \\$aBATCH-UPD$b00$c20121030$lBLL01$h1022
=CAT  \\$aWR13.117$c20130727$lBLL01$h2006
=CAT  \\$aWR13.144/5$c20140418$lBLL01$h1025
=CAT  \\$aBATCH-ETHO$b00$c20140502$lBLL01$h0138
=CAT  \\$aBATCH-ETH8$c20170506$lBLL01$h1039
=DRT  \\$aETHOS
=FIN  \\$aY$d20111010
=FMT  \\$a  BK
=LAS  \\$aBATCH-ETH8$b00$c20170506$lBLL01$h1039
=SRC  \\$aEThOS$bethos_marc_111007.mrc
=STA  \\$aSUPPRESSED$bEThOS can't supply or embargoed

