=LDR  04329 am a22004937a 4500
=001  015914478
=003  Uk
=005  20111010153358.0
=006  m\\\\\\\\d\\\\\\\\
=007  cr\|||||||||||
=008  111010s2008\\\\xxk\\\\\sbm\\\000\0\eng\\
=040  \\$aUk$beng$cUk$dUk
=082  04$a631.8$223
=100  1\$aRigby, Hannah.
=245  10$aQuantifying the Agronomic Value of Biosolids and Biowastes$h[electronic resource].
=260  \\$bImperial College, London,$c2008.
=300  \\$ap. :$bdigital, PDF file.
=336  \\$atext$2rdacontent
=337  \\$acomputer$2rdamedia
=338  \\$aonline resource$2rdacarrier
=502  \\$aThesis (Ph.D.)--Imperial College London (University of London), 2008.
=504  \\$aIncludes bibliographical references.
=520  3\$aPredicting N release in agricultural soils amended with organic residuals is essential to ensure there are sufficient nutrients for crops, and minimal losses to the environment. Factors such as moisture, temperature, soil type and organic residuals type may affect the amount of mineralised nutrients. Information is required to describe microbial N immobilisation in biosolids-amended soil, which may vary between soil types influencing extent and rate of nutrient release. Industrial biowastes are increasingly being used as soil amendments as a diversion from landfill disposal; these materials result from a diverse range of processes and vary greatly in physical and chemical characteristics. There is little published or advisory information regarding their agronomic benefit, therefore research is required to quantify their fertiliser value. The aims of this research were to quantify mineralisation of N, and investigate other agronomic benefits of biosolids and biowastes, and to investigate microbial biomass N (MBN) dynamics, with the aim of improving fertiliser guidelines. A field trial was established at the Imperial College field station in Wye, Kent, in spring 2005, to investigate N transformations in contrasting soil types amended with conventional and enhanced treated biosolids. Analysis of MBN in biosolids-amended soil indicated that there were differences in N immobilisation processes in soils of differing fertility status, with greater immobilisation observed in the lower fertility soil in some cases. Despite initial differences in rate of mineralisation and nitrification, overall extent of N release was similar in both soils. A programme of field trials was established at Imperial College Silwood Park campus in 2006-2007 to quantify the agronomic value of a range of industrial biowastes. Biowastes from the vegetable, meat and dairy industries and from aerobic and anaerobic digestion plants were investigated. Yield response and N offtake of perennial ryegrass to biowastes, at five rates of application, in comparison to mineral N fertiliser, was used to calculate the replacement N fertiliser value. The results of a laboratory incubation experiment, to investigate MBN and mineral N in biowastes-amended soil, demonstrated lower recoveries of N in fine textured soil with low stability waste. Denitrification was suspected as the potential mechanism for this observation. Interactions between soil type and biowaste type on N availability, and the implications for gaseous N losses to the environment from biowastes-amended soils require further research.
=536  \\$aSponsored by: Defra, Summerleaze Ltd. and Tanks and Vessels Ltd.
=538  \\$aMode of access: World Wide Web.
=710  2\$aImperial College, London.
=852  4\$aBritish Library$bDSC$cDRT$j503168
=856  40$uhttp://hdl.handle.net/10044/1/4268
=859  \\$aXLD$bEThOS
=CAT  \\$aETHOSBKLG$b00$c20111010$lBLL01$h1533
=CAT  \\$aETHOSBKLG$c20111010$lBLL01$h1606
=CAT  \\$aETHOSBKLG$c20111010$lBLL01$h1630
=CAT  \\$aBATCH$b00$c20111010$lBLL01$h1819
=CAT  \\$aBATCH-UPD$b00$c20121030$lBLL01$h1022
=CAT  \\$aWR13.117$c20130727$lBLL01$h2006
=CAT  \\$aWR13.144/5$c20140418$lBLL01$h1025
=CAT  \\$aBATCH-ETHO$b00$c20140502$lBLL01$h0138
=CAT  \\$aBATCH-ETH8$c20170506$lBLL01$h1039
=DRT  \\$aETHOS
=FIN  \\$aY$d20111010
=FMT  \\$a  BK
=LAS  \\$aBATCH-ETH8$b00$c20170506$lBLL01$h1039
=SRC  \\$aEThOS$bethos_marc_111007.mrc
=STA  \\$aSUPPRESSED$bEThOS can't supply or embargoed

