=LDR  03816 am a22004817a 4500
=001  015914479
=003  Uk
=005  20111010153358.0
=006  m\\\\\\\\d\\\\\\\\
=007  cr\|||||||||||
=008  111010s2008\\\\xxk\\\\\sbm\\\000\0\eng\\
=040  \\$aUk$beng$cUk
=082  04$a636.089$223
=100  1\$aRosell, Nuria Roque.
=245  10$aDesign, synthesis and analysis of FMDV 3C-protease inhibitors$h[electronic resource].
=260  \\$bImperial College, London,$c2008.
=300  \\$ap. :$bdigital, PDF file.
=336  \\$atext$2rdacontent
=337  \\$acomputer$2rdamedia
=338  \\$aonline resource$2rdacarrier
=502  \\$aThesis (Ph.D.)--Imperial College, London, 2008.
=504  \\$aIncludes bibliographical references.
=520  3\$aFoot-and-mouth disease virus (FMDV) causes a highly infectious disease of cloven-hoofed livestock with economically devastating consequences. The political and technical problems associated with the use of FMDV vaccines make drug-based disease control an attractive alternative. The FMDV genome is translated as a single polypeptide precursor that is cleaved into functional proteins by virally-encoded proteases. Ten of the thirteen cleavages are performed by the highly conserved 3C protease (3Cpro), making this enzyme an attractive target for anti-viral drugs (Curry et al., 2007a). This thesis describes the design, synthesis and evaluation of FMDV 3Cpro inhibitors. A study of the activity of different FMDV 3Cpro mutants and a recently determined enzyme-substrate crystal structure provide an insight to the structure-activity relationships of the target and provides a basis for the inhibitor design (Curry et al., 2007b; Sweeney et al., 2007). Taking the enzyme's specificity as a starting point (Birtley et al., 2005), a small peptide sequence corresponding to an optimal substrate has been modified at the C-terminus, by the addition of a warhead, making it able to irreversibly react with the active site of this cysteine protease. Several synthetic routes have been developed, one allowed easy modification of the peptidic component of the inhibitor, whereas a second was designed to enable the introduction of variation on the warhead moiety. After the expression and purification of the FMDV 3Cpro, a FRET assay, developed to monitor changes on 3Cpro activity (Jaulent et al., 2007), was used to evaluate the inhibition of the enzyme by a range of potential synthetic inhibitors. The success of the inhibitor design has been demonstrated by the development of compounds that react as Michael acceptors with the enzyme active site. The investigation of the peptidic part of the inhibitor has highlighted key elements for inhibition which are supported by structural data. Finally, consideration of the bioavailability of these inhibitors, particularly in regard to membrane penetration, has led to use pro-drug approach in the further development of the inhibitors.
=538  \\$aMode of access: World Wide Web.
=710  2\$aImperial College, London.
=852  4\$aBritish Library$bDSC$cDRT$j503169
=856  40$uhttp://hdl.handle.net/10044/1/4269
=859  \\$aXLD$bEThOS
=CAT  \\$aETHOSBKLG$b00$c20111010$lBLL01$h1533
=CAT  \\$aETHOSBKLG$c20111010$lBLL01$h1606
=CAT  \\$aETHOSBKLG$c20111010$lBLL01$h1630
=CAT  \\$aBATCH$b00$c20111010$lBLL01$h1819
=CAT  \\$aBATCH-UPD$b00$c20121030$lBLL01$h1022
=CAT  \\$aWR13.117$c20130727$lBLL01$h2006
=CAT  \\$aWR13.144/5$c20140418$lBLL01$h1025
=CAT  \\$aBATCH-ETHO$b00$c20140502$lBLL01$h0138
=CAT  \\$aBATCH-ETH8$c20170506$lBLL01$h1039
=DRT  \\$aETHOS
=FIN  \\$aY$d20111010
=FMT  \\$a  BK
=LAS  \\$aBATCH-ETH8$b00$c20170506$lBLL01$h1039
=SRC  \\$aEThOS$bethos_marc_111007.mrc
=STA  \\$aSUPPRESSED$bEThOS can't supply or embargoed

