=LDR  02947 am a22004697a 4500
=001  015914480
=003  Uk
=005  20111010153358.0
=006  m\\\\\\\\d\\\\\\\\
=007  cr\|||||||||||
=008  101031s2008\\\\xxk\\\\\sbm\\\000\0\eng\\
=040  \\$aUk$beng$cUk
=082  04$a612$223
=100  1\$aYang, Yuhui.
=245  10$aShape modelling of bones$h[electronic resource] :$bapplication to the primate shoulder.
=260  \\$bImperial College London,$c2008.
=300  \\$ap. :$bdigital, PDF file.
=336  \\$atext$2rdacontent
=337  \\$acomputer$2rdamedia
=338  \\$aonline resource$2rdacarrier
=502  \\$aThesis (Ph.D.)--Imperial College London, 2008.
=504  \\$aIncludes bibliographical references.
=520  3\$aThe aims of this work were to develop techniques for describing morphological variations of shoulder bones and to test these on real datasets. The robust measurement and description of anatomical geometry can provide accurate estimation and better understanding of bone morphology. Feature lines were detected automatically using crest line techniques and shape information from shoulder bones was extracted based on the extracted feature lines. Redefinition of local coordinate systems was proposed utilising the crest line technique. Three dimensional statistical shape models (SSM) were built for a set of primate humeri and scapulae. Two types of models were constructed; one incorporated the maintained original scale whilst the other used scaled bones. Variations were captured and quantified by Principal Component Analysis (PCA). The application can be extended generally to long bones and other complex bones and was also tested on human femora. Techniques to predict the shape of one bone from its neighbour at a joint were presented. PCA was used to reduce data dimensionality to a few principal components. Canonical Correlation Analysis (CCA) and Partial Least Square (PLS) Regression were applied to explore the linear morphological correlations between the two shoulder bones and to predict the shape of one segment given the shape of the adjoining segment.
=538  \\$aMode of access: World Wide Web.
=710  2\$aImperial College, London.
=852  4\$aBritish Library$bDSC$cDRT$j503170
=856  40$uhttp://hdl.handle.net/10044/1/4270
=859  \\$aXLD$bEThOS
=CAT  \\$aETHOSBKLG$b00$c20111010$lBLL01$h1533
=CAT  \\$aETHOSBKLG$c20111010$lBLL01$h1606
=CAT  \\$aETHOSBKLG$c20111010$lBLL01$h1630
=CAT  \\$aBATCH$b00$c20111010$lBLL01$h1819
=CAT  \\$aBATCH-UPD$b00$c20121030$lBLL01$h1022
=CAT  \\$aWR13.117$c20130727$lBLL01$h2006
=CAT  \\$aWR13.144/5$c20140418$lBLL01$h1025
=CAT  \\$aBATCH-ETHO$b00$c20140502$lBLL01$h0138
=DRT  \\$aETHOS
=FIN  \\$aY$d20111010
=FMT  \\$a  BK
=LAS  \\$aBATCH-ETHO$b00$c20140502$lBLL01$h0138
=SRC  \\$aEThOS$bethos_marc_111007.mrc
=STA  \\$aSUPPRESSED$bEThOS can't supply or embargoed

