=LDR  03429 am a22004817a 4500
=001  015914481
=003  Uk
=005  20111010153359.0
=006  m\\\\\\\\d\\\\\\\\
=007  cr\|||||||||||
=008  111010s2008\\\\xxk\\\\\sbm\\\000\0\eng\\
=040  \\$aUk$beng$cUk$dUk
=082  04$a519$223
=100  1\$aAntonik , Adam.
=245  10$aDecision Problems for Partial Specifications$h[electronic resource] :$bEmpirical and Worst-Case Complexities.
=260  \\$bImperial College, London,$c2008.
=300  \\$ap. :$bdigital, PDF file.
=336  \\$atext$2rdacontent
=337  \\$acomputer$2rdamedia
=338  \\$aonline resource$2rdacarrier
=502  \\$aThesis (Ph.D.)--Imperial College London (University of London), 2008.
=504  \\$aIncludes bibliographical references.
=520  3\$aPartial specifications allow approximate models of systems such as Kripke structures, or labeled transition systems to be created. Using the abstraction possible with these models, an avoidance of the state-space explosion problem is possible, whilst still retaining a structure that can have properties checked over it. A single partial specification abstracts a set of systems, whether Kripke, labeled transition systems, or systems with both atomic propositions and named transitions. This thesis deals in part with problems arising from a desire to efficiently evaluate sentences of the modal Ã,Âµ-calculus over a partial specification. Partial specifications also allow a single system to be modeled by a number of partial specifications, which abstract away different parts of the system. Alternatively, a number of partial specifications may represent different requirements on a system. The thesis also addresses the question of whether a set of partial specifications is consistent, that is to say, whether a single system exists that is abstracted by each member of the set. The effect of nominals, special atomic propositions true on only one state in a system, is also considered on the problem of the consistency of many partial specifications. The thesis also addresses the question of whether the systems a partial specification abstracts are all abstracted by a second partial specification, the problem of inclusion. The thesis demonstrates how commonly used Ã,?specification patternsÃ,? Ã,? useful properties specified in the modal Ã,Âµ-calculus, can be efficiently evaluated over partial specifications, and gives upper and lower complexity bounds on the problems related to sets of partial specifications.
=538  \\$aMode of access: World Wide Web.
=710  2\$aImperial College, London.
=852  4\$aBritish Library$bDSC$cDRT$j503171
=856  40$uhttp://hdl.handle.net/10044/1/4271
=859  \\$aXLD$bEThOS
=CAT  \\$aETHOSBKLG$b00$c20111010$lBLL01$h1533
=CAT  \\$aETHOSBKLG$c20111010$lBLL01$h1606
=CAT  \\$aETHOSBKLG$c20111010$lBLL01$h1630
=CAT  \\$aBATCH$b00$c20111010$lBLL01$h1819
=CAT  \\$aBATCH-UPD$b00$c20121030$lBLL01$h1022
=CAT  \\$aWR13.117$c20130727$lBLL01$h2006
=CAT  \\$aWR13.144/5$c20140418$lBLL01$h1025
=CAT  \\$aBATCH-ETHO$b00$c20140502$lBLL01$h0138
=CAT  \\$aBATCH-ETH8$c20170506$lBLL01$h1039
=DRT  \\$aETHOS
=FIN  \\$aY$d20111010
=FMT  \\$a  BK
=LAS  \\$aBATCH-ETH8$b00$c20170506$lBLL01$h1039
=SRC  \\$aEThOS$bethos_marc_111007.mrc
=STA  \\$aSUPPRESSED$bEThOS can't supply or embargoed

