=LDR  03819 am a22004817a 4500
=001  015914482
=003  Uk
=005  20111010153359.0
=006  m\\\\\\\\d\\\\\\\\
=007  cr\|||||||||||
=008  111010s2008\\\\xxk\\\\\sbm\\\000\0\eng\\
=040  \\$aUk$beng$cUk$dUk
=082  04$a520$223
=100  1\$aPreston , Louisa Jane.
=245  12$aA Multidisciplinary Study of Biomarkers in Hydrothermal Deposits$h[electronic resource] :$bApplications to the Search for Life on Mars.
=260  \\$bImperial College, London,$c2008.
=300  \\$ap. :$bdigital, PDF file.
=336  \\$atext$2rdacontent
=337  \\$acomputer$2rdamedia
=338  \\$aonline resource$2rdacarrier
=502  \\$aThesis (Ph.D.)--Imperial College London (University of London), 2008.
=504  \\$aIncludes bibliographical references.
=520  3\$aHydrothermal systems have been suggested as suitable environments for the appearance of life on the Early Earth and may provide habitats for microorganisms on Mars. The deposits created by these systems are preserved in the geological record. This research investigates the key mineralogical, textural and biological markers found in terrestrial hydrothermal deposits that can be used as analogues in the search for evidence of life on Mars. Samples of silica sinter from Iceland and New Zealand, the Rhynie Chert 396 Ma old deposit from Aberdeenshire and hydrothermally altered impactites from the Chicxulub impact crater have been analysed to understand the mineralogical properties unique to the different hydrothermal conditions and the evidence of extant or extinct microorganisms within them. Re-colonisation of basaltic substrates by hot spring-derived cultures was also carried out. This research was conducted using a multidisciplinary approach with the analytical techniques and instruments involved currently used for in-situ and orbital observations of planetary bodies. The principal techniques, Fourier Transform Infrared (FTIR) spectroscopy and Gas Chromatography Mass Spectrometry (GCMS), were used due to their combined capabilities in the identification of a variety of rocks and minerals, and a wide range of organic compounds. This PhD research has shown that FTIR in particular is an exceptional analytical technique for use in astrobiological investigations. This research has characterised hydrothermal deposits of different ages and created by different processes on Earth to ascertain their potential for preserving organic compounds in similar deposits on Mars. Results indicate that siliceous hydrothermal deposits of recent and ancient formation yield biomolecular evidence for past and present microbial colonisation as do hydrothermally altered impact deposits and re-colonised basaltic substrates. The identification of mineralogical and biological information using FTIR reflectance spectroscopy has wide implications in the search for life on Mars and other planetary bodies.
=538  \\$aMode of access: World Wide Web.
=710  2\$aImperial College, London.
=852  4\$aBritish Library$bDSC$cDRT$j503175
=856  40$uhttp://hdl.handle.net/10044/1/4276
=859  \\$aXLD$bEThOS
=CAT  \\$aETHOSBKLG$b00$c20111010$lBLL01$h1533
=CAT  \\$aETHOSBKLG$c20111010$lBLL01$h1606
=CAT  \\$aETHOSBKLG$c20111010$lBLL01$h1630
=CAT  \\$aBATCH$b00$c20111010$lBLL01$h1819
=CAT  \\$aBATCH-UPD$b00$c20121030$lBLL01$h1022
=CAT  \\$aWR13.117$c20130727$lBLL01$h2006
=CAT  \\$aWR13.144/5$c20140418$lBLL01$h1025
=CAT  \\$aBATCH-ETHO$b00$c20140502$lBLL01$h0138
=CAT  \\$aBATCH-ETH8$c20170506$lBLL01$h1039
=DRT  \\$aETHOS
=FIN  \\$aY$d20111010
=FMT  \\$a  BK
=LAS  \\$aBATCH-ETH8$b00$c20170506$lBLL01$h1039
=SRC  \\$aEThOS$bethos_marc_111007.mrc
=STA  \\$aSUPPRESSED$bEThOS can't supply or embargoed

