=LDR  03899 am a22004817i 4500
=001  015914483
=003  Uk
=005  20111010153359.0
=006  m\\\\\\\\d\\\\\\\\
=007  cr\|||||||||||
=008  111010s2009\\\\xxk\\\\\sbm\\\000\0\eng\\
=040  \\$aUk$beng$cUk$dUk
=082  14$a495.1$215
=100  1\$aJi , Meng.
=245  10$aPhraseology in Corpus-Based Translation Studies$h[electronic resource] :$bA Stylistic Study of Two Contemporary Chinese Translations of Cervantes s Don Quijote.
=260  \\$bImperial College, London,$c2009.
=300  \\$ap. :$bdigital, PDF file.
=336  \\$atext$2rdacontent
=337  \\$acomputer$2rdamedia
=338  \\$aonline resource$2rdacarrier
=502  \\$aThesis (Ph.D.)--Imperial College London (University of London), 2009.
=504  \\$aIncludes bibliographical references.
=520  3\$aThe present work sets out to investigate the stylistic profiles of two modern Chinese versions of CervantesÃ,?s Don Quijote (I): by Yang Jiang (1978), the first direct translation from Castilian to Chinese, and by Liu Jingsheng (1995), which is one of the most commercially successful versions of the Castilian literary classic. This thesis focuses on a detailed linguistic analysis carried out with the help of the latest textual analytical tools, natural language processing applications and statistical packages. The type of linguistic phenomenon singled out for study is four-character expressions (FCEXs), which are a very typical category of Chinese phraseology. The work opens with the creation of a descriptive framework for the annotation of linguistic data extracted from the parallel corpus of Don Quijote. Subsequently, the classified and extracted data are put through several statistical tests. The results of these tests prove to be very revealing regarding the different use of FCEXs in the two Chinese translations. The computational modelling of the linguistic data would seem to indicate that among other findings, while LiuÃ,?s use of archaic idioms has followed the general patterns of the original and also of YangÃ,?s work in the first half of Don Quijote I, noticeable variations begin to emerge in the second half of LiuÃ,?s more recent version. Such an idiosyncratic use of archaisms by Liu, which may be defined as style shifting or style variation, is then analyzed in quantitative terms through the application of the proposed context-motivated theory (CMT). The results of applying the CMT-derived statistical models show that the detected stylistic variation may well point to the internal consistency of the translator in rendering the second half of Part I of the novel, which reflects his freer, more creative and experimental style of translation. Through the introduction and testing of quantitative research methods adapted from corpus linguistics and textual statistics, this thesis has made a major contribution to methodological innovation in the study of style within the context of corpus-based translation studies.
=538  \\$aMode of access: World Wide Web.
=710  2\$aImperial College, London.
=852  4\$aBritish Library$bDSC$cDRT$j503176
=856  40$uhttp://hdl.handle.net/10044/1/4277
=859  \\$aXLD$bEThOS
=CAT  \\$aETHOSBKLG$b00$c20111010$lBLL01$h1533
=CAT  \\$aETHOSBKLG$c20111010$lBLL01$h1606
=CAT  \\$aETHOSBKLG$c20111010$lBLL01$h1630
=CAT  \\$aBATCH$b00$c20111010$lBLL01$h1819
=CAT  \\$aBATCH-UPD$b00$c20121030$lBLL01$h1022
=CAT  \\$aWR13.117$c20130727$lBLL01$h2006
=CAT  \\$aWR13.144/5$c20140418$lBLL01$h1025
=CAT  \\$aBATCH-ETHO$b00$c20161002$lBLL01$h0128
=CAT  \\$aBATCH-ETH8$c20170506$lBLL01$h1039
=DRT  \\$aETHOS
=FIN  \\$aY$d20111010
=FMT  \\$a  BK
=LAS  \\$aBATCH-ETH8$b00$c20170506$lBLL01$h1039
=SRC  \\$aEThOS$bethos_marc_111007.mrc
=STA  \\$aSUPPRESSED$bEThOS can't supply or embargoed

