=LDR  02905 am a22004937a 4500
=001  015914484
=003  Uk
=005  20111010153359.0
=006  m\\\\\\\\d\\\\\\\\
=007  cr\|||||||||||
=008  111010s2008\\\\xxk\\\\\sbm\\\000\0\eng\\
=040  \\$aUk$beng$cUk$dUk
=082  04$a591.7$223
=100  1\$aBielby , Jon.
=245  10$aExtinction risk and population declines in amphibians$h[electronic resource].
=260  \\$bImperial College, London,$c2008.
=300  \\$ap. :$bdigital, PDF file.
=336  \\$atext$2rdacontent
=337  \\$acomputer$2rdamedia
=338  \\$aonline resource$2rdacarrier
=502  \\$aThesis (Ph.D.)--Imperial College, London, 2008.
=504  \\$aIncludes bibliographical references.
=520  3\$aThis thesis is about understanding the processes that explain the patterns of extinction risk and declines that we see in amphibians, how we can use that understanding to set conservation priorities, and how we can convert those priorities into practical, hands-on research and management. In particular, I focus on the threat posed by the emerging infectious disease, chytridiomycosis, which is caused by the chytrid fungus, Batrachochytrium dendrobatidis (Bd). Amphibians display a non-random pattern of extinction risk, both taxonomically and geographically. In chapter two I investigate the mechanism behind the observed taxonomic selectivity and find that it is due to species biology rather than heterogeneity in either threat intensity or conservation knowledge. In chapter three I determine which biological and environmental traits are important in rendering a species susceptible to declines, focussing on susceptibility to Bd. I found that restricted range, high elevation species with an aquatic life-stage are more likely to have suffered a decline. Using these traits, I predict species and locations that may be susceptible in the future, and which should therefore be a high priority for amphibian research and conservation.
=536  \\$aSponsored by: NERC, PTES
=538  \\$aMode of access: World Wide Web.
=710  2\$aImperial College, London.
=852  4\$aBritish Library$bDSC$cDRT$j503177
=856  40$uhttp://hdl.handle.net/10044/1/4278
=859  \\$aXLD$bEThOS
=CAT  \\$aETHOSBKLG$b00$c20111010$lBLL01$h1533
=CAT  \\$aETHOSBKLG$c20111010$lBLL01$h1606
=CAT  \\$aETHOSBKLG$c20111010$lBLL01$h1630
=CAT  \\$aBATCH$b00$c20111010$lBLL01$h1819
=CAT  \\$aBATCH-UPD$b00$c20121030$lBLL01$h1022
=CAT  \\$aWR13.117$c20130727$lBLL01$h2006
=CAT  \\$aWR13.144/5$c20140418$lBLL01$h1025
=CAT  \\$aBATCH-ETHO$b00$c20140502$lBLL01$h0138
=CAT  \\$aBATCH-ETH8$c20170506$lBLL01$h1039
=DRT  \\$aETHOS
=FIN  \\$aY$d20111010
=FMT  \\$a  BK
=LAS  \\$aBATCH-ETH8$b00$c20170506$lBLL01$h1039
=SRC  \\$aEThOS$bethos_marc_111007.mrc
=STA  \\$aSUPPRESSED$bEThOS can't supply or embargoed

