=LDR  03933 am a22004937a 4500
=001  015914486
=003  Uk
=005  20111010153359.0
=006  m\\\\\\\\d\\\\\\\\
=007  cr\|||||||||||
=008  111010s2008\\\\xxk\\\\\sbm\\\000\0\eng\\
=040  \\$aUk$beng$cUk$dUk
=082  04$a551.7$223
=100  1\$aCharvin , Karl.
=245  10$aInverse and Forward Modelling of Shallow-Marine Stratigraphy$h[electronic resource].
=260  \\$bImperial College, London,$c2008.
=300  \\$ap. :$bdigital, PDF file.
=336  \\$atext$2rdacontent
=337  \\$acomputer$2rdamedia
=338  \\$aonline resource$2rdacarrier
=502  \\$aThesis (Ph.D.)--Imperial College London (University of London), 2008.
=504  \\$aIncludes bibliographical references.
=520  3\$aThis thesis presents the development and application of a numerical inverse and forward model of stratigraphy applied to shallow-marine wave-dominated sedimentary systems. The approach links a 'process-based' forward model of stratigraphy (i.e. BARSIM, developed by J.E.A. Storms, University of Delft) to a fully non-linear stochastic inverse scheme. The inverse problem has been formulated using a Bayesian framework in order to sample the full range of uncertainty and explicitly build in prior knowledge. The methodology combines Reversible Jump Markov chain Monte Carlo and Simulated Tempering algorithms which are able to deal with variable dimensional inverse problems and multi-modal posterior probability distributions, respectively. The numerical scheme requires the construction of a likelihood function to quantify the agreement between simulated and observed data (e.g. sediment ages and thicknesses, grain-size distributions). Prior to real case study applications, the method has been successfully validated on different scenarios built from synthetic data, in which the impact of data distribution, quantity and quality on the uncertainty of the inferred environmental parameters were investigated. The numerical scheme has then been applied to two case studies: the outcrop-constrained Lower Cretaceous 'Standardville' parasequence of the Aberdeen Member of the Blackhawk Formation (Boock Cliffs, Utah, U.S.A.) and the Emsian sub-surface data of South Algeria. The inverse modelling scheme successfully reproduced stratigraphic architecture in both cases, within the constraints of the input data quality. The inferences of the relative sea level, sediment supply and wave regime histories contribute to the understanding of mechanisms that produced the observed stratigraphy. Of equal importance, the inverse results allowed complete characterisation of uncertainties in these forcing parameters and in the stratigraphic architecture developed in between data constraints. These results suggest that the inverse model may ultimately provide a process-based geological complement to standard geostatistical tools for the static characterization of hydrocarbon reservoirs.
=536  \\$aSponsored by: Imperial College (Janet Watson Scholarship) and Total E&P UK
=538  \\$aMode of access: World Wide Web.
=710  2\$aImperial College, London.
=852  4\$aBritish Library$bDSC$cDRT$j503179
=856  40$uhttp://hdl.handle.net/10044/1/4280
=859  \\$aXLD$bEThOS
=CAT  \\$aETHOSBKLG$b00$c20111010$lBLL01$h1533
=CAT  \\$aETHOSBKLG$c20111010$lBLL01$h1606
=CAT  \\$aETHOSBKLG$c20111010$lBLL01$h1630
=CAT  \\$aBATCH$b00$c20111010$lBLL01$h1819
=CAT  \\$aBATCH-UPD$b00$c20121030$lBLL01$h1022
=CAT  \\$aWR13.117$c20130727$lBLL01$h2006
=CAT  \\$aWR13.144/5$c20140418$lBLL01$h1025
=CAT  \\$aBATCH-ETHO$b00$c20140502$lBLL01$h0138
=CAT  \\$aBATCH-ETH8$c20170506$lBLL01$h1039
=DRT  \\$aETHOS
=FIN  \\$aY$d20111010
=FMT  \\$a  BK
=LAS  \\$aBATCH-ETH8$b00$c20170506$lBLL01$h1039
=SRC  \\$aEThOS$bethos_marc_111007.mrc
=STA  \\$aSUPPRESSED$bEThOS can't supply or embargoed

