=LDR  03069 am a22004817a 4500
=001  015914487
=003  Uk
=005  20111010153359.0
=006  m\\\\\\\\d\\\\\\\\
=007  cr\|||||||||||
=008  111010s2008\\\\xxk\\\\\sbm\\\000\0\eng\\
=040  \\$aUk$beng$cUk$dUk
=082  04$a332$223
=100  1\$aNada, Hazim.
=245  12$aA Stochastic Volatility LIBOR Market Model with a Closed Form Solution$h[electronic resource].
=260  \\$bImperial College, London,$c2008.
=300  \\$ap. :$bdigital, PDF file.
=336  \\$atext$2rdacontent
=337  \\$acomputer$2rdamedia
=338  \\$aonline resource$2rdacarrier
=502  \\$aThesis (Ph.D.)--Imperial College London, 2008.
=504  \\$aIncludes bibliographical references.
=520  3\$aSince its initial publication the SABR model has gained widespread use across asset classes and it has now become the standard pricing framework used in the market to quote interest rate products sensitive to the non flat strike-structure of the market implied volatility. While very simple, the modelÂ's use has always been based on the original study of its authors who derive a formula for pricing European options through a few approximating assumptions which are at times severely violated in the market. This thesisÂ' main theoretical goal is to set the path for a generalization of the SABR model which possesses a closed form solution free from assumptions about the magnitude of the modelÂ's parameters. We propose such model and derive a closed form solution for the particular case in which the underlying forward rate and its volatility are uncorrelated. After using the solution for pricing caplets within a LIBOR Market Model framework we simplify an approximation for the swap rate developed by Piterbarg in order to use the same solution for the pricing of swaptions. We conduct the modelÂ's calibration for short maturities using a computationally efficient approach which derives an approximation for the modelÂ's implied volatility and uses it to fit the model to market quotes. Finally, we study the properties of the greeks of our model in comparison with those of the classical Black model.
=538  \\$aMode of access: World Wide Web.
=710  2\$aImperial College, London.
=852  4\$aBritish Library$bDSC$cDRT$j503180
=856  40$uhttp://hdl.handle.net/10044/1/4281
=859  \\$aXLD$bEThOS
=CAT  \\$aETHOSBKLG$b00$c20111010$lBLL01$h1533
=CAT  \\$aETHOSBKLG$c20111010$lBLL01$h1606
=CAT  \\$aETHOSBKLG$c20111010$lBLL01$h1630
=CAT  \\$aBATCH$b00$c20111010$lBLL01$h1819
=CAT  \\$aBATCH-UPD$b00$c20121030$lBLL01$h1022
=CAT  \\$aWR13.117$c20130727$lBLL01$h2006
=CAT  \\$aWR13.144/5$c20140418$lBLL01$h1025
=CAT  \\$aBATCH-ETHO$b00$c20140502$lBLL01$h0138
=CAT  \\$aBATCH-ETH8$c20170506$lBLL01$h1039
=DRT  \\$aETHOS
=FIN  \\$aY$d20111010
=FMT  \\$a  BK
=LAS  \\$aBATCH-ETH8$b00$c20170506$lBLL01$h1039
=SRC  \\$aEThOS$bethos_marc_111007.mrc
=STA  \\$aSUPPRESSED$bEThOS can't supply or embargoed

