=LDR  03672 am a22005057a 4500
=001  015916364
=003  Uk
=005  20111110163056.0
=006  m\\\\\\\\d\\\\\\\\
=007  cr\|||||||||||
=008  111010s2008\\\\enk\\\\\sbm\\\000\0\eng\\
=040  \\$aUk$beng$cUk$dUk
=082  04$a541.36$223
=100  1\$aGkagkas, Konstantinos.
=245  10$aFlames featuring ignition-extinction$h[electronic resource] :$bstochastic modelling for the prediction of finite rate chemistry effects /$cKonstantinos Gkagkas.
=260  \\$aLondon :$bImperial College, London,$c2008.
=300  \\$a1 online resource.
=336  \\$atext$2rdacontent
=337  \\$acomputer$2rdamedia
=338  \\$aonline resource$2rdacarrier
=502  \\$aThesis (Ph.D.)--Imperial College, London, 2008.
=504  \\$aIncludes bibliographical references.
=520  3\$aThe current thesis presents a numerical study of steady and unsteady turbulent reacting flows. The flow is calculated using Finite Volume based parabolic and elliptic flow solvers. A transported probability density function (pdf) approach, closed at the joint-scalar level,is used for the inclusion of the thermochemistry. A common characteristic of all the studied cases are the strong finite rate chemistry effects which govern the flow. Two experimentally well documented turbulent lifted flames were computed in order to explore the detailed thermochemical flow structure and to reduce uncertainties associated with the chemical kinetics. The effect of the applied detailed chemistry and its subsequent simplification on the calculated thermochemical structure was also quantified. The two cases feature fuel jets of methane or hydrogen issuing into a vitiated, high temperature coflow. Molecular mixing is closed using the modified Curl's mixing model and two algebraic closures are considered for the closure of the mixing frequency. More complex flow patterns are considered through the calculation of bluff body stabilised flames. These flames feature a recirculation region and a neck zone of high strain rates, where significant levels of local extinction are found. The transported pdf method captures the local extinction and can predict the pollutant formation with high accuracy. The standard mixing frequency closure leads to over-prediction of local extinction, while an algebraic extension leads to improved predictions. When the flame is close to global extinction, strong instabilities occur, which lead to questions regarding the use of a two-dimensional approach. For this reason, a three-dimensional computational tool was developed and validated using both presumed and transported pdf methods for the representation of the thermochemistry.
=536  \\$aSponsored by: BP Global Fuels
=538  \\$aMode of access: World Wide Web.
=710  2\$aImperial College, London.
=852  4\$aBritish Library$bDSC$cDRT$j505263
=856  40$uhttp://hdl.handle.net/10044/1/4347
=859  \\$aXLD$bEThOS
=CAT  \\$aETHOSBKLG$b00$c20111010$lBLL01$h1534
=CAT  \\$aETHOSBKLG$c20111010$lBLL01$h1607
=CAT  \\$aETHOSBKLG$c20111010$lBLL01$h1630
=CAT  \\$aBATCH$b00$c20111010$lBLL01$h1820
=CAT  \\$a7034$b40$c20111110$lBLL01$h1050
=CAT  \\$a7034$b40$c20111110$lBLL01$h1630
=CAT  \\$aBATCH-UPD$b40$c20121030$lBLL01$h1022
=CAT  \\$aWR13.117$c20130727$lBLL01$h2006
=CAT  \\$aWR13.144/5$c20140418$lBLL01$h1025
=CAT  \\$aBATCH-ETH8$c20170506$lBLL01$h1039
=DRT  \\$aETHOS
=FIN  \\$aY$d20111010
=FMT  \\$a  BK
=LAS  \\$aBATCH-ETH8$b00$c20170506$lBLL01$h1039
=SRC  \\$aEThOS$bethos_marc_111007.mrc
=STA  \\$aSUPPRESSED$bEThOS can't supply or embargoed

