=LDR  04358 am a22004697a 4500
=001  015916366
=003  Uk
=005  20111108163227.0
=006  m\\\\|\\\d\|\\\\\\
=007  cr||||||||||||
=008  100408s2009\\\\enk\\\\\sbm\\\000\0\eng\\
=040  \\$aUk$beng$cUk
=082  04$a616.99481$223
=100  1\$aFlores, Catherine T.
=245  10$aCharacterization of a stem cell population derived from human peripheral blood and its therapeutic potential in brain tumors$h[electronic resource] /$cCatherine T. Flores.
=260  \\$aLondon :$bImperial College London,$c2009.
=300  \\$a1 online resource.
=336  \\$atext$2rdacontent
=337  \\$acomputer$2rdamedia
=338  \\$aonline resource$2rdacarrier
=502  \\$aThesis (Ph.D.)--University of London, 2009.
=504  \\$aIncludes bibliographical references.
=520  3\$aAdherent CD34+ cells are a stem cell enriched population with a high frequency of primitive stem cells that are genetically primed to differentiate into tissue-specific lineages. These cells make up the adherent CD34+ cells in peripheral blood which are the focus of this study. The first aim of this study was to transcriptionally characterize adherent CD34+ cells relative to nonadherent CD34+ cells using a whole human genome Affymetrix U133 plus 2 array. The subsequent analysis demonstrated transcriptional differences in genes which are involved in quiescence, cell cycle, homing and adhesion, which are likely to be relevant to the suitability of adherent CD34+ cells for clinical application. To verify the microarray analysis, a selection of representative transcripts was chosen and their relative expression was compared using real-time qPCR. To analyze further the stem cell characteristics of adherent CD34+ cells, the DNA replication timing kinetics of pluripotency-associated genes in bone marrow-derived adherent CD34+ cells, non-adherent CD34+ cells, and foetal mesenchymal stem cells were conducted and compared to those of embryonic stem (ES) cells. This showed that pluripotency-associated genes Oct4 and Nanog replicate early in the cell cycle similar to ES cells. The second aim of this study was to examine the potential use of adherent CD34+ cells in neural injury. As adherent CD34+ cells are primitive stem cells, it was reasonable to hypothesize that these cells would differentiate into neural cells in vitro, but these experiments revealed that these cells are not neurogenic and, in our hands, do not differentiate into neural cells. The experiments revealed that adherent CD34+ cells differentiate efficiently and reproducibly into microglia-like cells (CD34MG cells). CD34MG cells upregulated microglia-associated antigens and demonstrated functional characteristics of microglia cells including TNF and IL-6 release in response to lipopolysaccharide. CD34MG also stimulate responders in a mixed lymphocyte reaction, suggesting antigen presenting capabilities. To determine if these cells might be exploited for use in brain tumour therapy, it was shown that CD34MG migrate and invade in response to brain tumour glioma cells. Results also suggest that these cells are capable of presenting glioma specific antigen to immune cells in an autologous lymphocyte reaction in vitro. The combined results suggest that CD34MG cells might be exploited for therapeutic purposes in brain tumours. Stem cells are currently being explored for their therapeutic potential. This study demonstrates that adherent CD34+ cells and CD34MG cells may be useful for clinical use.
=538  \\$aMode of access: World Wide Web.
=710  2\$aImperial College, London.
=852  4\$aBritish Library$bDSC$cDRT$j505265
=856  40$uhttp://hdl.handle.net/10044/1/4349
=859  \\$aXLD$bEThOS
=CAT  \\$aETHOSBKLG$b00$c20111010$lBLL01$h1534
=CAT  \\$aETHOSBKLG$c20111010$lBLL01$h1607
=CAT  \\$aETHOSBKLG$c20111010$lBLL01$h1630
=CAT  \\$aBATCH$b00$c20111010$lBLL01$h1820
=CAT  \\$a7034$b40$c20111108$lBLL01$h1632
=CAT  \\$aBATCH-UPD$b40$c20121030$lBLL01$h1022
=CAT  \\$aWR13.117$c20130727$lBLL01$h2006
=CAT  \\$aWR13.144/5$c20140418$lBLL01$h1025
=DRT  \\$aETHOS
=FIN  \\$aY$d20111010
=FMT  \\$a  BK
=LAS  \\$aWR13.144/5$b00$c20140418$lBLL01$h1025
=SRC  \\$aEThOS$bethos_marc_111007.mrc
=STA  \\$aSUPPRESSED$bEThOS can't supply or embargoed

