=LDR  03884 am a22004817a 4500
=001  015916367
=003  Uk
=005  20111108161927.0
=006  m\\\\\\\\d\\\\\\\\
=007  cr\|||||||||||
=008  101031s2008\\\\enk\\\\\sbm\\\000\0\eng\\
=040  \\$aUk$beng$cUk
=082  04$a616.99436$223
=100  1\$aChi, Ying.
=245  10$aSegmentation and deformable modelling techniques for a virtual reality surgical simulator in hepatic oncology$h[electronic resource] /$cby Ying Chi.
=260  \\$aLondon :$bImperial College London,$c2008.
=300  \\$a1 online resource.
=336  \\$atext$2rdacontent
=337  \\$acomputer$2rdamedia
=338  \\$aonline resource$2rdacarrier
=502  \\$aThesis (Ph.D.)--University of London, 2008.
=504  \\$aIncludes bibliographical references.
=520  3\$aLiver surgical resection is one of the most frequently used curative therapies. However, resectability is problematic. There is a need for a computer-assisted surgical planning and simulation system which can accurately and efficiently simulate the liver, vessels and tumours in actual patients. The present project describes the development of these core segmentation and deformable modelling techniques. For precise detection of irregularly shaped areas with indistinct boundaries, the segmentation incorporated active contours - gradient vector flow (GVF) snakes and level sets. To improve efficiency, a chessboard distance transform was used to replace part of the GVF effort. To automatically initialize the liver volume detection process, a rotating template was introduced to locate the starting slice. For shape maintenance during the segmentation process, a simplified object shape learning step was introduced to avoid occasional significant errors. Skeletonization with fuzzy connectedness was used for vessel segmentation. To achieve real-time interactivity, the deformation regime of this system was based on a single-organ mass-spring system (MSS), which introduced an on-the-fly local mesh refinement to raise the deformation accuracy and the mesh control quality. This method was now extended to a multiple soft-tissue constraint system, by supplementing it with an adaptive constraint mesh generation. A mesh quality measure was tailored based on a wide comparison of classic measures. Adjustable feature and parameter settings were thus provided, to make tissues of interest distinct from adjacent structures, keeping the mesh suitable for on-line topological transformation and deformation. More than 20 actual patient CT and 2 magnetic resonance imaging (MRI) liver datasets were tested to evaluate the performance of the segmentation method. Instrument manipulations of probing, grasping, and simple cutting were successfully simulated on deformable constraint liver tissue models. This project was implemented in conjunction with the Division of Surgery, Hammersmith Hospital, London; the preliminary reality effect was judged satisfactory by the consultant hepatic surgeon.
=536  \\$aSponsored by: Lee Family Scholarship
=538  \\$aMode of access: World Wide Web.
=710  2\$aImperial College, London.
=852  4\$aBritish Library$bDSC$cDRT$j505266
=856  40$uhttp://hdl.handle.net/10044/1/4350
=859  \\$aXLD$bEThOS
=CAT  \\$aETHOSBKLG$b00$c20111010$lBLL01$h1534
=CAT  \\$aETHOSBKLG$c20111010$lBLL01$h1607
=CAT  \\$aETHOSBKLG$c20111010$lBLL01$h1630
=CAT  \\$aBATCH$b00$c20111010$lBLL01$h1820
=CAT  \\$a7034$b40$c20111108$lBLL01$h1619
=CAT  \\$aBATCH-UPD$b40$c20121030$lBLL01$h1022
=CAT  \\$aWR13.117$c20130727$lBLL01$h2006
=CAT  \\$aWR13.144/5$c20140418$lBLL01$h1025
=DRT  \\$aETHOS
=FIN  \\$aY$d20111010
=FMT  \\$a  BK
=LAS  \\$aWR13.144/5$b00$c20140418$lBLL01$h1025
=SRC  \\$aEThOS$bethos_marc_111007.mrc
=STA  \\$aSUPPRESSED$bEThOS can't supply or embargoed

