=LDR  03677 am a22004817a 4500
=001  015916368
=003  Uk
=005  20111108155825.0
=006  m\\\\\\\\d\\\\\\\\
=007  cr\|||||||||||
=008  101031s2009\\\\enk\\\\\sbm\\\000\0\eng\\
=040  \\$aUk$beng$cUk
=082  04$a599.138$223
=100  1\$aCooper, Natalie.
=245  10$aPhylogenetic approaches for studying competition in mammals$h[electronic resource] /$cNatalie Cooper.
=260  \\$aLondon :$bImperial College London,$c2009.
=300  \\$a1 online resource.
=336  \\$atext$2rdacontent
=337  \\$acomputer$2rdamedia
=338  \\$aonline resource$2rdacarrier
=502  \\$aThesis (Ph.D.)--University of London, 2009.
=504  \\$aIncludes bibliographical references.
=520  3\$aInterspecific competition is often proposed to shape mammalian evolution. Many studies use trait and distribution data on extant species, but this ignores temporal aspects of competition. Phylogeny provides a framework for integrating present-day data with clade histories. Here, I use phylogenetic comparative methods and present-day data to investigate the role of competition in the evolution of four mammalian clades: New World leaf-nosed bats (Phyllostomidae), New World monkeys (Platyrrhini), Australasian possums (Phalangeriformes), and ground squirrels (Marmotini). I ask four specific questions: (1) Do community phylogenies, and/or the traits of community members, show patterns expected under competition? (2) Is there evidence of competition in the relationship among species' trait differences, phylogenetic differences and patterns of coexistence? (3) Does the intensity of competition affect rates of morphological evolution? (4) Are the tempo and/or mode of mammalian body size evolution influenced by competition? I found evidence for competition in monkeys and squirrels, but not bats or possums. Competition did not influence rates of morphological evolution; instead body mass was the most important correlate across the groups. Across all mammals, the best-supported model of body size evolution corresponded to a scenario in which mammals experienced a relatively early burst of morphological evolution, followed by a slowdown in rate as competition for niches increased. In addition, around 60% of the variation in the tempo of body-mass evolution was explained by just a few predictors. In conclusion, I find some support for competition shaping mammalian evolution. However, there is evidence that the importance of other processes may outweigh the effects of competition in some groups. Further study and methodological improvements are required to fully understand the relative role of competition in evolution. The methods developed in this thesis provide a useful starting point for such studies.
=536  \\$aSponsored by: NERC and Institute of Zoology
=538  \\$aMode of access: World Wide Web.
=710  2\$aImperial College, London.
=852  4\$aBritish Library$bDSC$cDRT$j505267
=856  40$uhttp://hdl.handle.net/10044/1/4356
=859  \\$aXLD$bEThOS
=CAT  \\$aETHOSBKLG$b00$c20111010$lBLL01$h1534
=CAT  \\$aETHOSBKLG$c20111010$lBLL01$h1607
=CAT  \\$aETHOSBKLG$c20111010$lBLL01$h1630
=CAT  \\$aBATCH$b00$c20111010$lBLL01$h1820
=CAT  \\$a7034$b40$c20111108$lBLL01$h1558
=CAT  \\$aBATCH-UPD$b40$c20121030$lBLL01$h1022
=CAT  \\$aWR13.117$c20130727$lBLL01$h2006
=CAT  \\$aWR13.144/5$c20140418$lBLL01$h1025
=DRT  \\$aETHOS
=FIN  \\$aY$d20111010
=FMT  \\$a  BK
=LAS  \\$aWR13.144/5$b00$c20140418$lBLL01$h1025
=SRC  \\$aEThOS$bethos_marc_111007.mrc
=STA  \\$aSUPPRESSED$bEThOS can't supply or embargoed

