=LDR  03169 am a22004937a 4500
=001  015916369
=003  Uk
=005  20111108153853.0
=006  m\\\\\\\\d\\\\\\\\
=007  cr\|||||||||||
=008  111010s2009\\\\enk\\\\\sbm\\\000\0\eng\\
=040  \\$aUk$beng$cUk$dUk
=082  04$a523.985$223
=100  1\$aBray, Veronica J.
=245  10$aImpact crater formation on the icy Galilean satellites$h[electronic resource] /$cVeronica J. Bray.
=260  \\$aLondon :$bImperial College, London,$c2009.
=300  \\$a1 online resource.
=336  \\$atext$2rdacontent
=337  \\$acomputer$2rdamedia
=338  \\$aonline resource$2rdacarrier
=502  \\$aThesis (Ph.D.)--University of London, 2009.
=504  \\$aIncludes bibliographical references.
=520  3\$aThe possible existence of liquid water beneath the ice crusts of Ganymede and Europa makes these bodies of great scientific interest as the accessibility of the oceans has implications for astrobiology and future human exploration of the solar system. Study of the cratering trends on these bodies provides one means of assessing the depth of the ice layer above the sub-surface oceans. This work combines observational and numerical modelling data to develop a quantitative model for impact cratering in pure H₂O ice. Topographic profiles of craters on Ganymede are presented and used to construct scaling trends, which are then compared to similar trends for the Moon and Mars in order to assess differences in the cratering process in rock, ice and ice-rock mixes. The progression of central peak and central pit crater morphology as crater diameter increases, is used to develop a paradigm for central peak collapse and pit formation on Ganymede. These observed cratering trends are used to test the results of hydrocode simulation of impact cratering. These simulations were used to determine an appropriate material strength model, and its specific parameters, for the simulation of impact crater formation in un-layeredice. This optimal strength model is then applied to impact cratering in a layered ice and water target. The results from this numerical modelling are compared to the Europan cratering trends and used to estimate the thickness of Europa's ice crust.
=538  \\$aMode of access: World Wide Web.
=710  2\$aImperial College, London.
=852  4\$aBritish Library$bDSC$cDRT$j505268
=856  40$uhttp://hdl.handle.net/10044/1/4355
=859  \\$aXLD$bEThOS
=CAT  \\$aETHOSBKLG$b00$c20111010$lBLL01$h1534
=CAT  \\$aETHOSBKLG$c20111010$lBLL01$h1607
=CAT  \\$aETHOSBKLG$c20111010$lBLL01$h1630
=CAT  \\$aBATCH$b00$c20111010$lBLL01$h1820
=CAT  \\$a7034$b40$c20111108$lBLL01$h1536
=CAT  \\$a7034$b40$c20111108$lBLL01$h1538
=CAT  \\$aBATCH-UPD$b40$c20121030$lBLL01$h1022
=CAT  \\$aWR13.117$c20130727$lBLL01$h2006
=CAT  \\$aWR13.144/5$c20140418$lBLL01$h1025
=CAT  \\$aBATCH-ETH8$c20170506$lBLL01$h1039
=DRT  \\$aETHOS
=FIN  \\$aY$d20111010
=FMT  \\$a  BK
=LAS  \\$aBATCH-ETH8$b00$c20170506$lBLL01$h1039
=SRC  \\$aEThOS$bethos_marc_111007.mrc
=STA  \\$aSUPPRESSED$bEThOS can't supply or embargoed

