=LDR  03529 am a22004937a 4500
=001  015916371
=003  Uk
=005  20111109091029.0
=006  m\\\\\\\\d\\\\\\\\
=007  cr\|||||||||||
=008  111010s2009\\\\enk\\\\\sbm\\\000\0\eng\\
=040  \\$aUk$beng$cUk$dUk
=082  04$a571.638$223
=100  1\$aSinghal, Suket.
=245  10$aCharacterisation of pH and glucose sensors for use in cell culture$h[electronic resource] /$cby Suket Singhal.
=260  \\$aLondon :$bImperial College, London,$c2009.
=300  \\$a1 online resource.
=336  \\$atext$2rdacontent
=337  \\$acomputer$2rdamedia
=338  \\$aonline resource$2rdacarrier
=502  \\$aThesis (Ph.D.)--University of London, 2009.
=504  \\$aIncludes bibliographical references.
=520  3\$aThe long term monitoring of cell cultures, to study their dynamic nature is important, although devices capable of doing this aren't available. Primiarily the reason for this is the bio-compatibility of the devices and this refers to both the devices' compatibility with the culture as well as its compatibility with the device. Glucose sensors fabricated in electropolymerised poly(phenol) were used for the study. The reproducibility of these devices was checked to assess their viability for large scale deployment. It was found that the intra-batch variation was within the norms of experimental error, although the inter-batch variation was significant. This is a feature that is inherent to hand made devices and some methods to mitigate this are discussed. The surface characterisation of the sensors showed that the polymer and enzyme sit mutually exclusive to each other on the surface. Using cyclic voltammetry, with ferrocyanideas the probe molecule, it was confirmed that the diffusion profile to the surface of the sensor was semi-infinite planar and that the electrochemistry was quasi-reversible. Infra-red and Raman spectroscopy and scanning electrochemical microscopy were used as well to study the films' morphology. The sensors were not toxic to 3T3 cell cultures, as the yield and cell viability were consistent with those of the control cultures. It was also seen that the initial degradation of the sensors' response was not entirely due to the loss in enzyme activity. Non-polarised sensors showed a decrease in sensitivity to glucose and a threshold concentration ca. 3 mM below which they showed no response to glucose, when they were removed from the culture. These effects were not seen before the sensors were placed in the culture and in protein free media, they were partially reversed over time.
=538  \\$aMode of access: World Wide Web.
=710  2\$aImperial College, London.
=852  4\$aBritish Library$bDSC$cDRT$j505270
=856  40$uhttp://hdl.handle.net/10044/1/4352
=859  \\$aXLD$bEThOS
=CAT  \\$aETHOSBKLG$b00$c20111010$lBLL01$h1534
=CAT  \\$aETHOSBKLG$c20111010$lBLL01$h1607
=CAT  \\$aETHOSBKLG$c20111010$lBLL01$h1630
=CAT  \\$aBATCH$b00$c20111010$lBLL01$h1820
=CAT  \\$a7034$b40$c20111108$lBLL01$h1435
=CAT  \\$a7034$b40$c20111109$lBLL01$h0910
=CAT  \\$aBATCH-UPD$b40$c20121030$lBLL01$h1022
=CAT  \\$aWR13.117$c20130727$lBLL01$h2006
=CAT  \\$aWR13.144/5$c20140418$lBLL01$h1025
=CAT  \\$aBATCH-ETH8$c20170506$lBLL01$h1039
=DRT  \\$aETHOS
=FIN  \\$aY$d20111010
=FMT  \\$a  BK
=LAS  \\$aBATCH-ETH8$b00$c20170506$lBLL01$h1039
=SRC  \\$aEThOS$bethos_marc_111007.mrc
=STA  \\$aSUPPRESSED$bEThOS can't supply or embargoed

