=LDR  03376 am a22004697a 4500
=001  015916532
=003  Uk
=005  20111110140451.0
=006  m\\\\|\\\d\|\\\\\\
=007  cr||||||||||||
=008  100408s2009\\\\enk\\\\\sbm\\\000\0\eng\\
=040  \\$aUk$beng$cUk
=082  04$a616.82$223
=100  1\$aZhang, Qian.
=245  14$aThe role of exopolyphosphatase in Neisseria meningitidis infection$h[electronic resource] /$cQian Zhang.
=260  \\$aLondon :$bImperial College London,$c2009.
=300  \\$a1 online resource.
=336  \\$atext$2rdacontent
=337  \\$acomputer$2rdamedia
=338  \\$aonline resource$2rdacarrier
=502  \\$aThesis (Ph.D.)--Imperial College London, 2009.
=504  \\$aIncludes bibliographical references.
=520  3\$aThe development of vaccines against serogroup B Neisseria meningitidis to reduce the morbidity and mortality of meningococcal disease is a major public health priority. We developed a novel genetic screen for immunogens present on the bacterial surface using human immune sera with bactericidal activity. We found that two mutants lacking nmb1467 survived in high concentrations of sera from two patients, while the wild-type strain was killed. Biochemical assays using purified recombinant NMB1467 indicated that nmb1467 encodes an exopolyphosphatase (PPX) with the ability to hydrolyse inorganic polyphosphate (poly P). In addition, we demonstrated that the Δppx mutant has at least 2-fold more poly P than the wild-type strain. Therefore, we designated NMB1467 as PPX. We showed that N. meningitidis mutant lacking the ppx had an increased resistance against normal human complement system. Substitution of the glutamic acid at residue 147 of PPX with an alanine significantly reduced the enzymatic activity in vitro, and contributed to increased level of poly P in N. meningitidis and the resistance of bacteria against the complement-mediated killing. Levels of polysaccharide capsule and lipopolysaccharide (LPS) sialylation, two important virulence factors, were not affected by the loss of ppx in N. meningitidis. Using flow cytometry, we demonstrated that binding of factor H (fH), the negative regulator of the alternative pathway of complement activation, to the bacterial surface was increased in the strain lacking PPX. By Western blot analysis, we did not detect a significant change in the expression of the fH receptor, indicting another mechanism is involved in the fH binding to the bacterial surface and resistance of bacteria against complement-mediated killing.
=538  \\$aMode of access: World Wide Web.
=710  2\$aImperial College, London.
=852  4\$aBritish Library$bDSC$cDRT$j505458
=856  40$uhttp://hdl.handle.net/10044/1/4340
=859  \\$aXLD$bEThOS
=CAT  \\$aETHOSBKLG$b00$c20111010$lBLL01$h1534
=CAT  \\$aETHOSBKLG$c20111010$lBLL01$h1607
=CAT  \\$aETHOSBKLG$c20111010$lBLL01$h1630
=CAT  \\$aBATCH$b00$c20111010$lBLL01$h1820
=CAT  \\$a8250$b40$c20111110$lBLL01$h1404
=CAT  \\$aBATCH-UPD$b40$c20121030$lBLL01$h1022
=CAT  \\$aWR13.117$c20130727$lBLL01$h2006
=CAT  \\$aWR13.144/5$c20140418$lBLL01$h1025
=DRT  \\$aETHOS
=FIN  \\$aY$d20111010
=FMT  \\$a  BK
=LAS  \\$aWR13.144/5$b00$c20140418$lBLL01$h1025
=SRC  \\$aEThOS$bethos_marc_111007.mrc
=STA  \\$aSUPPRESSED$bEThOS can't supply or embargoed

