=LDR  03577 am a22004817a 4500
=001  015917059
=003  Uk
=005  20111010153423.0
=006  m\\\\\\\\d\\\\\\\\
=007  cr\|||||||||||
=008  111010s2008\\\\xxk\\\\\sbm\\\000\0\eng\\
=040  \\$aUk$beng$cUk$dUk
=082  04$a004$223
=100  1\$aLiu, Qiang.
=245  10$aData Reuse and Parallelism in Hardware Compilation$h[electronic resource].
=260  \\$bImperial College, London,$c2008.
=300  \\$ap. :$bdigital, PDF file.
=336  \\$atext$2rdacontent
=337  \\$acomputer$2rdamedia
=338  \\$aonline resource$2rdacarrier
=502  \\$aThesis (Ph.D.)--Imperial College London, 2008.
=504  \\$aIncludes bibliographical references.
=520  3\$aThis thesis presents a methodology to automatically determine a data memory organisation at compiletime, suitable to exploit data reuse and loop-level parallelization, in order to achieve high performanceand low power design for data-dominated applications. Moore?s Law has enabled more and more heterogeneouscomponents integrated on a single chip. However, there are challenges to extract maximumperformance from these hardware resources efficiently. Unlike previous approaches, which mainly focus on making efficient use of computational resources,our focus is on data memory organisation and input-output bandwidth considerations, which are thetypical stumbling block of existing hardware compilation schemes. To optimize accesses to large off-chip memories, an approach is adopted and formalized to identify datareuse opportunities in local scratch-pad memory. An approach is presented for evaluating differentdata reuse options in terms of the memory space required by buffering reused data and execution timefor loading the data to the local memories. Determining the data reuse design option that consumesthe least power or performs operations quickest with respect to a memory constraint is a NP-hardproblem. In this work, the problem of data reuse exploration for low-power designs is formulated asa Multiple-Choice Knapsack problem. Together with a proposed power model, the problem is solvedefficiently. An integer geometric programming framework is presented for exploring data reuse andloop-level parallelization within a single step. The objective is to find the design that achieves theshortest execution time for an application. We describe our approaches based on formal optimization techniques, and present some results fromapplying these approaches to several benchmarks that show the advantages of optimizing data memoryorganisation and of exposing the interaction between data memory system design and parallelismextraction to the compiler.
=538  \\$aMode of access: World Wide Web.
=710  2\$aImperial College, London.
=852  4\$aBritish Library$bDSC$cDRT$j506018
=856  40$uhttp://hdl.handle.net/10044/1/4370
=859  \\$aXLD$bEThOS
=CAT  \\$aETHOSBKLG$b00$c20111010$lBLL01$h1534
=CAT  \\$aETHOSBKLG$c20111010$lBLL01$h1607
=CAT  \\$aETHOSBKLG$c20111010$lBLL01$h1630
=CAT  \\$aBATCH$b00$c20111010$lBLL01$h1820
=CAT  \\$aBATCH-UPD$b00$c20121030$lBLL01$h1022
=CAT  \\$aWR13.117$c20130727$lBLL01$h2007
=CAT  \\$aWR13.144/5$c20140418$lBLL01$h1026
=CAT  \\$aBATCH-ETHO$b00$c20140502$lBLL01$h0138
=CAT  \\$aBATCH-ETH8$c20170506$lBLL01$h1040
=DRT  \\$aETHOS
=FIN  \\$aY$d20111010
=FMT  \\$a  BK
=LAS  \\$aBATCH-ETH8$b00$c20170506$lBLL01$h1040
=SRC  \\$aEThOS$bethos_marc_111007.mrc
=STA  \\$aSUPPRESSED$bEThOS can't supply or embargoed

