=LDR  04273 am a22004937a 4500
=001  015917060
=003  Uk
=005  20111010153423.0
=006  m\\\\\\\\d\\\\\\\\
=007  cr\|||||||||||
=008  111010s2009\\\\xxk\\\\\sbm\\\000\0\eng\\
=040  \\$aUk$beng$cUk$dUk
=082  04$a510$223
=100  1\$aMarion, Claude Miguel Emmanuel.
=245  10$aTriangle groups and finite simple groups$h[electronic resource].
=260  \\$bImperial College, London,$c2009.
=300  \\$ap. :$bdigital, PDF file.
=336  \\$atext$2rdacontent
=337  \\$acomputer$2rdamedia
=338  \\$aonline resource$2rdacarrier
=502  \\$aThesis (Ph.D.)--Imperial College London, 2009.
=504  \\$aIncludes bibliographical references.
=520  3\$aThis thesis contains a study of the spaces of homomorphisms from hyperbolic triangle groups to finite groups of Lie type which leads to a number of deterministic, asymptotic,and probabilistic results on the (p1, p2, p3)-generation problem for finite groups of Lie type. Let G₀ = L(pn) be a finite simple group of Lie type over the finite field Fpn and let T = Tp1,p2,p3 be the hyperbolic triangle group (x,y : xp1 = yp2 = (xy)p3 = 1) where p1, p2, p3 are prime numbers satisfying the hyperbolic condition 1/p1 + 1/p2 + 1/p3 < 1. In general, the size of Hom(T,G₀) is a polynomial in q, where q = pn, whose degree gives the dimension of Hom(T,G), where G is the corresponding algebraic group, seen as a variety. Computing the precise size of Hom(T,G₀) or giving an asymptotic estimate leads to a number of applications. One can for example investigate whether or not there is an epimorphism in Hom(T,G₀). This is equivalent to determining whether or not G₀ is a (p1, p2, p3)-group. Asymptotically, one might be interested in determining the probability that a random homomorphism in Hom(T,G₀) is an epimorphism as |G₀|→∞ . Given a prime number p, one can also ask wether there are finitely, or infinitely many positive integers n such that L(pn) is a (p1, p2, p3)-group. We solve these problems for the following families of finite simple groups of Lie type of small rank: the classical groups PSL2(q), PSL3(q), PSU3(q) and the exceptional groups 2B2(q), 2G2(q), G2(q), 3D4(q). The methods involve the character theory and the subgroup structure of these groups. Following the concept of linear rigidity of a triple of elements in GLn(Fp), used in inverse Galois theory, we introduce the concept for a hyperbolic triple of primes to be rigid in a simple algebraic group G. The triple (p1, p2, p3) is rigid in G if the sum of the dimensions of the subvarieties of elements of order p1, p2, p3 in G is equal to 2 dim G. This is the minimum required for G(pn) to have a generating triple of elements of these orders. We formulate a conjecture that if (p1, p2, p3) is a rigid triple then given a prime p there are only finitely many positive integers n such that L(pn) is a (p1, p2, p3)-group. We prove this conjecture for the classical groups PSL2(q), PSL3(q), and PSU3(q) and show that it is consistent with the substantial results in the literature about Hurwitz groups (i.e. when (p1, p2, p3) = (2, 3, 7)). We also classify the rigid hyperbolic triples of primes in algebraic groups, and in doing so we obtain some new families of non-Hurwitz groups.
=536  \\$aSponsored by: Engineering and Physical Sciences Research Council
=538  \\$aMode of access: World Wide Web.
=710  2\$aImperial College, London.
=852  4\$aBritish Library$bDSC$cDRT$j506019
=856  40$uhttp://hdl.handle.net/10044/1/4371
=859  \\$aXLD$bEThOS
=CAT  \\$aETHOSBKLG$b00$c20111010$lBLL01$h1534
=CAT  \\$aETHOSBKLG$c20111010$lBLL01$h1607
=CAT  \\$aETHOSBKLG$c20111010$lBLL01$h1630
=CAT  \\$aBATCH$b00$c20111010$lBLL01$h1820
=CAT  \\$aBATCH-UPD$b00$c20121030$lBLL01$h1022
=CAT  \\$aWR13.117$c20130727$lBLL01$h2007
=CAT  \\$aWR13.144/5$c20140418$lBLL01$h1026
=CAT  \\$aBATCH-ETHO$b00$c20140502$lBLL01$h0138
=CAT  \\$aBATCH-ETH8$c20170506$lBLL01$h1040
=DRT  \\$aETHOS
=FIN  \\$aY$d20111010
=FMT  \\$a  BK
=LAS  \\$aBATCH-ETH8$b00$c20170506$lBLL01$h1040
=SRC  \\$aEThOS$bethos_marc_111007.mrc
=STA  \\$aSUPPRESSED$bEThOS can't supply or embargoed

