=LDR  03470 am a22004817a 4500
=001  015917061
=003  Uk
=005  20111010153423.0
=006  m\\\\\\\\d\\\\\\\\
=007  cr\|||||||||||
=008  101031s2009\\\\xxk\\\\\sbm\\\000\0\eng\\
=040  \\$aUk$beng$cUk
=082  04$a572$223
=100  1\$aShaw, Karen Paula.
=245  10$aSolid-state NMR and x-ray diffraction investigations of sphingomyelin model membranes$h[electronic resource].
=260  \\$bImperial College London,$c2009.
=300  \\$a229 p. :$bdigital, PDF file.
=336  \\$atext$2rdacontent
=337  \\$acomputer$2rdamedia
=338  \\$aonline resource$2rdacarrier
=502  \\$aThesis (Ph.D.)--Imperial College London, 2009.
=504  \\$aIncludes bibliographical references.
=520  3\$aThe only sphingolipid occurring naturally in mammalian cells, sphingomyelin (SM) is of great importance. Having predominantly long, saturated acyl chains it has an unusually high melting temperature (around physiological temperature) and has been strongly associated with lipid microdomains often referred to as 'lipid rafts'. These domains are proposed to be enriched in SM and cholesterol (Chol) and have been linked to many cell processes and disease states. Despite the important role SM plays in the cell membrane, there is relatively little published data available in the literature. The first chapter of this work investigates the behaviour of SM from three natural sources, bovine brain (BBSM), egg yolk (EYSM) and milk (MSM). This allows a comparison of the phase behaviour in terms of the different chain compositions in each extract. The results show that the extracts differ in their gel phase structures and we present the first x-ray diffraction data for a ripple phase (Pβ') in BBSM and EYSM. At sufficiently high concentrations, Chol acts to disrupt the gel phase (Lβ) and order the fluid phase (Lα) of SM, leading to the formation of the 'intermediate' liquid ordered (Lo) phase. This phase retains characteristics of both the Lβ and Lα phases and has been strongly associated with lipid rafts. Using a combination of x-ray diffraction and ³¹P solid-state NMR, we have investigated the disruption of the gel phase of BBSM at low Chol concentrations. The results show disruption of the regular packing of the gel phase and also the removal of the ripple phase at 15mol% Chol. Finally, time-resolved x-ray diffraction techniques were utilised to investigate the kinetics of the different lamellar transitions observed. The Lβ to Lα and the Pβ' to Lα transitions are compared in MSM and BBSM.
=536  \\$aSponsored by: EPSRC and ESRF
=538  \\$aMode of access: World Wide Web.
=710  2\$aImperial College, London.
=852  4\$aBritish Library$bDSC$cDRT$j506020
=856  40$uhttp://hdl.handle.net/10044/1/4372
=859  \\$aXLD$bEThOS
=CAT  \\$aETHOSBKLG$b00$c20111010$lBLL01$h1534
=CAT  \\$aETHOSBKLG$c20111010$lBLL01$h1607
=CAT  \\$aETHOSBKLG$c20111010$lBLL01$h1630
=CAT  \\$aBATCH$b00$c20111010$lBLL01$h1820
=CAT  \\$aBATCH-UPD$b00$c20121030$lBLL01$h1022
=CAT  \\$aWR13.117$c20130727$lBLL01$h2007
=CAT  \\$aWR13.144/5$c20140418$lBLL01$h1026
=CAT  \\$aBATCH-ETHO$b00$c20140502$lBLL01$h0138
=DRT  \\$aETHOS
=FIN  \\$aY$d20111010
=FMT  \\$a  BK
=LAS  \\$aBATCH-ETHO$b00$c20140502$lBLL01$h0138
=SRC  \\$aEThOS$bethos_marc_111007.mrc
=STA  \\$aSUPPRESSED$bEThOS can't supply or embargoed

