=LDR  04114 am a22004937a 4500
=001  015917062
=003  Uk
=005  20111010153423.0
=006  m\\\\\\\\d\\\\\\\\
=007  cr\|||||||||||
=008  111010s2009\\\\xxk\\\\\sbm\\\000\0\eng\\
=040  \\$aUk$beng$cUk$dUk
=082  04$a620.110287$223
=100  1\$aSposito, Giuseppe.
=245  10$aAdvances in Potential Drop Techniques for Non-Destructive Testing$h[electronic resource].
=260  \\$bImperial College, London,$c2009.
=300  \\$ap. :$bdigital, PDF file.
=336  \\$atext$2rdacontent
=337  \\$acomputer$2rdamedia
=338  \\$aonline resource$2rdacarrier
=502  \\$aThesis (Ph.D.)--Imperial College London, 2009.
=504  \\$aIncludes bibliographical references.
=520  3\$aIn the field of Non-Destructive Testing, Potential Drop (PD) techniques have beenused for decades, especially in the petrochemical and power generation industries,for monitoring crack growth and wall thickness variations due to corrosion and/orerosion in pipes, pressure vessels and other structures. Inspection is carried out by injecting currents in the specimen to be tested andmeasuring the arising electrical potential di erence between two or more electrodesplaced on its surface. The presence of a defect generally increases the resistance andhence the measured voltage drop; inversion of these data can give information onthe size and shape of the defect. However, while the principle underlying these techniques is relatively simple, somedi culties have been encountered in their practical applications. Many commercialsystems based on PD methods, for instance, require the injection of very largecurrents in order to obtain su ciently large signals; doubts have been raised onthe stability of these methods to variations in the contact resistance between theelectrodes and the inspected material. The present work aims to show that someof these problems can be easily overcome, and to evaluate the capabilities of PDtechniques for crack sizing and corrosion mapping. After a brief review of the advantages, disadvantages and applications of the mainelectromagnetic methods for Non-Destructive Testing, an experimental setup forPotential Drop measurements which was developed for this work and which usessmall alternating currents (AC) is described. The setup is benchmarked against existingPD systems and then used to validate a model that allows AC PD simulationsto be run with a commercial Finite Element code. The results of both numericalsimulations and experimental measurements are used to investigate the possibilityof sizing defects of complex geometry by repeating the analysis at several di erentfrequencies over a broad range, and of reconstructing the depth pro le of surfacebreakingdefects without the need for assumptions on their shape. Subsequently, the accuracy to which it is possible to obtain maps of corrosion/erosion on the far surfaceof an inspected structure is discussed, and results obtained with an array probethat employs a novel arrangement of electrodes are presented. Finally, conclusionsare drawn and suggestions for further research are made.
=536  \\$aSponsored by: Research Centre of Non-Destructive Evaluation (RCNDE)
=538  \\$aMode of access: World Wide Web.
=710  2\$aImperial College, London.
=852  4\$aBritish Library$bDSC$cDRT$j506021
=856  40$uhttp://hdl.handle.net/10044/1/4373
=859  \\$aXLD$bEThOS
=CAT  \\$aETHOSBKLG$b00$c20111010$lBLL01$h1534
=CAT  \\$aETHOSBKLG$c20111010$lBLL01$h1607
=CAT  \\$aETHOSBKLG$c20111010$lBLL01$h1630
=CAT  \\$aBATCH$b00$c20111010$lBLL01$h1820
=CAT  \\$aBATCH-UPD$b00$c20121030$lBLL01$h1022
=CAT  \\$aWR13.117$c20130727$lBLL01$h2007
=CAT  \\$aWR13.144/5$c20140418$lBLL01$h1026
=CAT  \\$aBATCH-ETHO$b00$c20140502$lBLL01$h0138
=CAT  \\$aBATCH-ETH8$c20170506$lBLL01$h1040
=DRT  \\$aETHOS
=FIN  \\$aY$d20111010
=FMT  \\$a  BK
=LAS  \\$aBATCH-ETH8$b00$c20170506$lBLL01$h1040
=SRC  \\$aEThOS$bethos_marc_111007.mrc
=STA  \\$aSUPPRESSED$bEThOS can't supply or embargoed

