=LDR  04530 am a22004937a 4500
=001  015917063
=003  Uk
=005  20111010153423.0
=006  m\\\\\\\\d\\\\\\\\
=007  cr\|||||||||||
=008  111010s2008\\\\xxk\\\\\sbm\\\000\0\eng\\
=040  \\$aUk$beng$cUk$dUk
=082  04$a621.382$223
=100  1\$aKatzouraki, Antonia.
=245  10$aCommunication Networks$h[electronic resource] :$bDynamic Traffic Distribution and Spatial Diffusion Disruptions.
=260  \\$bImperial College, London,$c2008.
=300  \\$ap. :$bdigital, PDF file.
=336  \\$atext$2rdacontent
=337  \\$acomputer$2rdamedia
=338  \\$aonline resource$2rdacarrier
=502  \\$aThesis (Ph.D.)--Imperial College London, 2008.
=504  \\$aIncludes bibliographical references.
=520  3\$aThis thesis concerns robust load allocation in communication networks. The main goal of this work is to avoid the situation in which the failure of a node (or nodes) causes a cascade of failures through an entire network, with a sequence of healthy nodes becoming overloaded and failing from picking up the slack from previously failed nodes. The network should remain functional even after some of the nodes have failed. In the dissertation we present a new methodology for dynamically distributing the load across a network so as to avoid the overloading of any of the networks' nodes. A numerical solution is proposed to solve this model and build a simulation tool. This numerical method adjusts the classic explicit form of Runge-Kutta 4th order in order to integrate graph principles and produce synchronized numerical solutions for each network element. Unlike most solutions in the literature, as for example, Motter et al. [2002], Motter and Adilson [2004], Liang et al. [2004], Schafer et al. [2006], Wang and Kim [2007] and Pinget et al. [2007] our methodology is generic in the sense that it works on any network topology. This means not only that it is applicable to a large range of networks, but also that it continues to be relevant after failure has destroyed part of a network, thereby changing the topology. In particular, geographical catastrophes can be of both random and intended types, taking place within a heterogeneous physical environment, on a civil (populated) area. Unlike most fault methodologies in the literature our methodology is generic in the sense that it simulates real-world geographic failure propagation towards any type of network which can be embedded to a two dimenional metric system [Chen and He, 2004], Liu et al. [2000], Callaway et al. [2000], Albert and Barabasi [2000]. It describes how physical one dimensional catastrophic waves spread in heterogeneous environments and how built-in resilience, within each network element determines its percentage of damage. We have tested our system on various randomly generated graphs with faults injected according to a model we have developed that simulates real-world geographic failure propagation. We present results from our dynamic traffic distribution methodology applied to networks, which have been either under attack or not. Throughout our case studies we prove that as soon as the topology is assigned the appropriate resources comparing to the load that it is to serve, our methodology successfully redistributes the load across the network and prevents a potential cascade failure. We either prevent the propagation of cascading failures or suggest recovery strategies after an unavoidable failure. Therefore, our methodology is instrumental in designing and testing reliable and robust networks.
=536  \\$aSponsored by: General Dynamics and BTexact
=538  \\$aMode of access: World Wide Web.
=710  2\$aImperial College, London.
=852  4\$aBritish Library$bDSC$cDRT$j506023
=856  40$uhttp://hdl.handle.net/10044/1/4374
=859  \\$aXLD$bEThOS
=CAT  \\$aETHOSBKLG$b00$c20111010$lBLL01$h1534
=CAT  \\$aETHOSBKLG$c20111010$lBLL01$h1607
=CAT  \\$aETHOSBKLG$c20111010$lBLL01$h1630
=CAT  \\$aBATCH$b00$c20111010$lBLL01$h1820
=CAT  \\$aBATCH-UPD$b00$c20121030$lBLL01$h1022
=CAT  \\$aWR13.117$c20130727$lBLL01$h2007
=CAT  \\$aWR13.144/5$c20140418$lBLL01$h1026
=CAT  \\$aBATCH-ETHO$b00$c20140502$lBLL01$h0138
=CAT  \\$aBATCH-ETH8$c20170506$lBLL01$h1040
=DRT  \\$aETHOS
=FIN  \\$aY$d20111010
=FMT  \\$a  BK
=LAS  \\$aBATCH-ETH8$b00$c20170506$lBLL01$h1040
=SRC  \\$aEThOS$bethos_marc_111007.mrc
=STA  \\$aSUPPRESSED$bEThOS can't supply or embargoed

