=LDR  04483 am a22004937a 4500
=001  015917064
=003  Uk
=005  20111010153423.0
=006  m\\\\\\\\d\\\\\\\\
=007  cr\|||||||||||
=008  111010s2008\\\\xxk\\\\\sbm\\\000\0\eng\\
=040  \\$aUk$beng$cUk$dUk
=082  04$a627$223
=100  1\$aMindel, Julian Eduardo.
=245  10$aInterface Tracking and Solid-Fluid Coupling Techniques with Coastal Engineering Applications$h[electronic resource].
=260  \\$bImperial College, London,$c2008.
=300  \\$ap. :$bdigital, PDF file.
=336  \\$atext$2rdacontent
=337  \\$acomputer$2rdamedia
=338  \\$aonline resource$2rdacarrier
=502  \\$aThesis (Ph.D.)--Imperial College London, 2008.
=504  \\$aIncludes bibliographical references.
=520  3\$aMulti-material physics arise in an innumerable amount of engineering problems. A broadlyscoped numerical model is developed and described in this thesis to simulate the dynamic interactionof multi-fluid and solid systems. It is particularly aimed at modelling the interactionof two immiscible fluids with solid structures in a coastal engineering context; however it canbe extended to other similar areas of research. The Navier Stokes equations governing thefluids are solved using a combination of finite element (FEM) and control volume finite element(CVFE) discretisations. The sharp interface between the fluids is obtained through thecompressive transport of material properties (e.g. material concentration). This behaviour isachieved through the CVFE method and a conveniently limited flux calculation scheme basedon the Hyper-C method by Leonard (1991). Analytical and validation test cases are provided,consisting of steady and unsteady flows. To further enhance the method, improve accuracy, andexploit Lagrangian benefits, a novel moving mesh method is also introduced and tested. It isessentially an Arbitrary Lagrangian Eulerian method in which the grid velocity is defined bysemi-explicitly solving an iterative functional minimisation problem. A multi-phase approach is used to introduce solid structure modelling. In this approach,solution of the velocity field for the fluid phase is obtained using Model B as explained byGidaspow (1994, page 151). Interaction between the fluid phase and the solids is achievedthrough the means of a source term included in the fluid momentum equations. The interactingforce is calculated through integration of this source term and adding a buoyancy contribution. The resulting force is passed to an external solid-dynamics model such as the Discrete ElementMethod (DEM), or the combined Finite Discrete Element Method (FEMDEM).The versatility and novelty of this combined modelling approach stems from its ability tocapture the fluid interaction with particles of random size and shape. Each of the three maincomponents of this thesis: the advection scheme, the moving mesh method, and the solid interactionare individually validated, and examples of randomly shaped and sized particles areshown. To conclude the work, the methods are combined together in the context of coastal engineeringapplications, where the complex coupled problem of waves impacting on breakwateramour units is chosen to demonstrate the simulation possibilities. The three components developedin this thesis significantly extend the application range of already powerful tools, suchas Fluidity, for fluids-modelling and finite discrete element solids-modelling tools by bringingthem together for the first time.
=536  \\$aSponsored by: EPSRC and Sogreah, CLI and Baird Associates
=538  \\$aMode of access: World Wide Web.
=710  2\$aImperial College, London.
=852  4\$aBritish Library$bDSC$cDRT$j506024
=856  40$uhttp://hdl.handle.net/10044/1/4376
=859  \\$aXLD$bEThOS
=CAT  \\$aETHOSBKLG$b00$c20111010$lBLL01$h1534
=CAT  \\$aETHOSBKLG$c20111010$lBLL01$h1607
=CAT  \\$aETHOSBKLG$c20111010$lBLL01$h1630
=CAT  \\$aBATCH$b00$c20111010$lBLL01$h1820
=CAT  \\$aBATCH-UPD$b00$c20121030$lBLL01$h1022
=CAT  \\$aWR13.117$c20130727$lBLL01$h2007
=CAT  \\$aWR13.144/5$c20140418$lBLL01$h1026
=CAT  \\$aBATCH-ETHO$b00$c20140502$lBLL01$h0138
=CAT  \\$aBATCH-ETH8$c20170506$lBLL01$h1040
=DRT  \\$aETHOS
=FIN  \\$aY$d20111010
=FMT  \\$a  BK
=LAS  \\$aBATCH-ETH8$b00$c20170506$lBLL01$h1040
=SRC  \\$aEThOS$bethos_marc_111007.mrc
=STA  \\$aSUPPRESSED$bEThOS can't supply or embargoed

