=LDR  03330 am a22004817a 4500
=001  015917065
=003  Uk
=005  20111010153423.0
=006  m\\\\\\\\d\\\\\\\\
=007  cr\|||||||||||
=008  111010s2009\\\\xxk\\\\\sbm\\\000\0\eng\\
=040  \\$aUk$beng$cUk$dUk
=082  04$a621.381045$223
=100  1\$aJin, Rui.
=245  10$aInvestigating the Operating Mechanisms of Polymer Light Emitting Diodes$h[electronic resource].
=260  \\$bImperial College, London,$c2009.
=300  \\$ap. :$bdigital, PDF file.
=336  \\$atext$2rdacontent
=337  \\$acomputer$2rdamedia
=338  \\$aonline resource$2rdacarrier
=502  \\$aThesis (Ph.D.)--Imperial College London, 2009.
=504  \\$aIncludes bibliographical references.
=520  3\$aThis work uses a broad range of optoelectronic characterisation techniques tounderstand ? at a fundamental level ? the operating mechanisms of PLEDs. Theelectromodulation (EM) technique particularly provides a straightforward means ofdetermining the electric field strength inside operational devices, and is used here toinvestigate the improved device performance due to the insertion of an interlayerbetween the anode and the emissive layer. The effects of different interlayer materials(hole-transporting polymeric materials and one crosslinkable material) are studied in red,green and blue PLEDs. Interlayer devices yield better efficiencies and longer lifetimes,which can be attributed to charge accumulation near the anode/interlayer and (or)interlayer/emissive layer interfaces indicated by EM measurements. A promising alternative anode material ? vapour phase polymerised poly(3,4-ethylenedioxy thiophene)] (VPP-PEDOT) is another major focus of this thesis. Togetherwith poly(3,4-ethylenedioxythiophene-styrenesulfonate) (PEDOT:PSS), VPP-PEDOT is aviable alternative anode to indium tin oxide (ITO), capable of yielding superior efficienciesin otherwise identical PLEDs. Finally, a simulation code is developed for organic semiconductor devices tosystematically study the charge and electric field distributions in model devices. Thiscode, based on drift-diffusion model, can be used to study light-emitting electrochemicalcells (LECs). The simulation results indicate that there are high electric fields at bothelectrodes due to ionic charge distribution, which in turn facilitates electronic chargeinjection and thus leads to high recombination rates and luminous efficiencies.
=538  \\$aMode of access: World Wide Web.
=710  2\$aImperial College, London.
=852  4\$aBritish Library$bDSC$cDRT$j506025
=856  40$uhttp://hdl.handle.net/10044/1/4375
=859  \\$aXLD$bEThOS
=CAT  \\$aETHOSBKLG$b00$c20111010$lBLL01$h1534
=CAT  \\$aETHOSBKLG$c20111010$lBLL01$h1607
=CAT  \\$aETHOSBKLG$c20111010$lBLL01$h1630
=CAT  \\$aBATCH$b00$c20111010$lBLL01$h1820
=CAT  \\$aBATCH-UPD$b00$c20121030$lBLL01$h1022
=CAT  \\$aWR13.117$c20130727$lBLL01$h2007
=CAT  \\$aWR13.144/5$c20140418$lBLL01$h1026
=CAT  \\$aBATCH-ETHO$b00$c20140502$lBLL01$h0138
=CAT  \\$aBATCH-ETH8$c20170506$lBLL01$h1040
=DRT  \\$aETHOS
=FIN  \\$aY$d20111010
=FMT  \\$a  BK
=LAS  \\$aBATCH-ETH8$b00$c20170506$lBLL01$h1040
=SRC  \\$aEThOS$bethos_marc_111007.mrc
=STA  \\$aSUPPRESSED$bEThOS can't supply or embargoed

