=LDR  03772 am a22004697a 4500
=001  015917066
=003  Uk
=005  20111010153423.0
=006  m\\\\\\\\d\\\\\\\\
=007  cr\|||||||||||
=008  101031s2009\\\\xxk\\\\\sbm\\\000\0\eng\\
=040  \\$aUk$beng$cUk
=082  04$a591.9857$223
=100  1\$aJenkins, Antoinette.
=245  14$aThe evolutionary ecology of Leucocytozoon blood parasites of birds$h[electronic resource].
=260  \\$bImperial College London,$c2009.
=300  \\$ap. :$bdigital, PDF file.
=336  \\$atext$2rdacontent
=337  \\$acomputer$2rdamedia
=338  \\$aonline resource$2rdacarrier
=502  \\$aThesis (Ph.D.)--Imperial College London, 2009.
=504  \\$aIncludes bibliographical references.
=520  3\$aParasites can impose fitness effects on host populations: there may be seasonal and geographic variation in the interaction as well as over a longer time scale, host-parasite cospeciation. I investigate the Leucocytozoa parasites of birds as a model system to try to understand the role of diversity of infection, dispersal and scale on the nature of the coevolutionary process between the hosts and parasites. Leucocytozoa had effects on the breeding success of a population of the blue tit, Cyanistes caeruleus. Number of infections was important, and old birds infected with mixed lineage infections raised broods of significantly lower quality than those infected by a single lineage or uninfected birds. There was also evidence for individual lineage effects. The parasites showed seasonal dynamics, and overall prevalence followed a model previously proposed for the dynamics of avian malaria. Individual lineages, however, displayed different dynamics; this emphasises the importance of consideration of lineage identity. These results may have consequences for the evolutionary dynamics of this host-parasite interaction. The geographic context of the Leucocytozoa-bird interaction was investigated, and little phylogeographic structuring was found in parasite lineages across Europe. Contrary to predictions, the distribution of individual lineages followed the abundance-occupancy relationship, suggestive of widespread dispersal. At a larger phylogenetic scale I looked for evidence of host-parasite cospeciation in this system. There was a strong signal of coevolution due to cospeciation in 40% of the host-parasite associations. Migrant hosts harboured significantly fewer cospeciating parasites than residents and partial migrants. The implications and potential applications of this type of cospeciation analysis are discussed. I conclude by suggesting that the bird-Leucocytozoon system is an excellent model system for the study of host-parasite interactions, attaining high diversity and prevalence in some cases. Furthermore, the role of diversity, mixed lineage infections and dispersal are key to our understanding of the evolutionary dynamics of this system.
=538  \\$aMode of access: World Wide Web.
=710  2\$aImperial College, London.
=852  4\$aBritish Library$bDSC$cDRT$j506026
=856  40$uhttp://hdl.handle.net/10044/1/4381
=859  \\$aXLD$bEThOS
=CAT  \\$aETHOSBKLG$b00$c20111010$lBLL01$h1534
=CAT  \\$aETHOSBKLG$c20111010$lBLL01$h1607
=CAT  \\$aETHOSBKLG$c20111010$lBLL01$h1630
=CAT  \\$aBATCH$b00$c20111010$lBLL01$h1820
=CAT  \\$aBATCH-UPD$b00$c20121030$lBLL01$h1022
=CAT  \\$aWR13.117$c20130727$lBLL01$h2007
=CAT  \\$aWR13.144/5$c20140418$lBLL01$h1026
=CAT  \\$aBATCH-ETHO$b00$c20140502$lBLL01$h0138
=DRT  \\$aETHOS
=FIN  \\$aY$d20111010
=FMT  \\$a  BK
=LAS  \\$aBATCH-ETHO$b00$c20140502$lBLL01$h0138
=SRC  \\$aEThOS$bethos_marc_111007.mrc
=STA  \\$aSUPPRESSED$bEThOS can't supply or embargoed

