=LDR  03572 am a22004697a 4500
=001  015917067
=003  Uk
=005  20111010153423.0
=006  m\\\\\\\\d\\\\\\\\
=007  cr\|||||||||||
=008  101031s2009\\\\xxk\\\\\sbm\\\000\0\eng\\
=040  \\$aUk$beng$cUk
=082  04$a617.7$223
=100  1\$aHuang, Yan.
=245  13$aAn optoelectronic stimulator for retinal prosthesis$h[electronic resource].
=260  \\$bImperial College London,$c2009.
=300  \\$ap. :$bdigital, PDF file.
=336  \\$atext$2rdacontent
=337  \\$acomputer$2rdamedia
=338  \\$aonline resource$2rdacarrier
=502  \\$aThesis (Ph.D.)--Imperial College London, 2009.
=504  \\$aIncludes bibliographical references.
=520  3\$aRetinal prostheses require the presence of viable population of cells in the inner retina. Evaluations of retina with Age-Related Macular Degeneration (AMD) and Retinitis Pigmentosa (RP) have shown a large number of cells remain in the inner retina compared with the outer retina. Therefore, vision loss caused by AMD and RP is potentially treatable with retinal prostheses. Photostimulation based retinal prostheses have shown many advantages compared with retinal implants. In contrary to electrode based stimulation, light does not require mechanical contact. Therefore, the system can be completely external and does not have the power and degradation problems of implanted devices. In addition, the stimulating point is flexible and does not require a prior decision on the stimulation location. Furthermore, a beam of light can be projected on tissue with both temporal and spatial precision. This thesis aims at finding a feasible solution to such a system. Firstly, a prototype of an optoelectronic stimulator was proposed and implemented by using the Xilinx Virtex-4 FPGA evaluation board. The platform was used to demonstrate the possibility of photostimulation of the photosensitized neurons. Meanwhile, with the aim of developing a portable retinal prosthesis, a system on chip (SoC) architecture was proposed and a wide tuning range sinusoidal voltage-controlled oscillator (VCO) which is the pivotal component of the system was designed. The VCO is based on a new designed Complementary Metal Oxide Semiconductor (CMOS) Operational Transconductance Amplifier (OTA) which achieves a good linearity over a wide tuning range. Both the OTA and the VCO were fabricated in the AMS0.35 μm CMOS process. Finally a 9X9 CMOS image sensor with spiking pixels was designed. Each pixel acts as an independent oscillator whose frequency is controlled by the incident light intensity. The sensor was fabricated in the AMS 0.35 μm CMOS Opto Process. Experimental validation and measured results are provided.
=538  \\$aMode of access: World Wide Web.
=710  2\$aImperial College, London.
=852  4\$aBritish Library$bDSC$cDRT$j506027
=856  40$uhttp://hdl.handle.net/10044/1/4379
=859  \\$aXLD$bEThOS
=CAT  \\$aETHOSBKLG$b00$c20111010$lBLL01$h1534
=CAT  \\$aETHOSBKLG$c20111010$lBLL01$h1607
=CAT  \\$aETHOSBKLG$c20111010$lBLL01$h1630
=CAT  \\$aBATCH$b00$c20111010$lBLL01$h1820
=CAT  \\$aBATCH-UPD$b00$c20121030$lBLL01$h1022
=CAT  \\$aWR13.117$c20130727$lBLL01$h2007
=CAT  \\$aWR13.144/5$c20140418$lBLL01$h1026
=CAT  \\$aBATCH-ETHO$b00$c20140502$lBLL01$h0138
=DRT  \\$aETHOS
=FIN  \\$aY$d20111010
=FMT  \\$a  BK
=LAS  \\$aBATCH-ETHO$b00$c20140502$lBLL01$h0138
=SRC  \\$aEThOS$bethos_marc_111007.mrc
=STA  \\$aSUPPRESSED$bEThOS can't supply or embargoed

