=LDR  03366 am a22004697a 4500
=001  015917068
=003  Uk
=005  20111010153423.0
=006  m\\\\|\\\d\|\\\\\\
=007  cr||||||||||||
=008  100408s2009\\\\enk\\\\\sbm\\\000\0\eng\\
=040  \\$aUk$beng$cUk
=082  04$a571.96$223
=100  1\$aHoosdally, Sarah Jayne.
=245  10$aInvestigation of the extent and role of N-linked glycosylation in the human scavenger receptor CD36$h[electronic resource] /$cSarah Jayne Hoosdally.
=260  \\$aLondon :$bImperial College London,$c2009.
=300  \\$a199 p. :$bdigital, PDF file.
=336  \\$atext$2rdacontent
=337  \\$acomputer$2rdamedia
=338  \\$aonline resource$2rdacarrier
=502  \\$aThesis (Ph.D.)--Imperial College London, 2009.
=504  \\$aIncludes bibliographical references.
=520  3\$aHuman CD36 is a class B scavenger receptor expressed in a variety of cell types such as macrophage and adipocytes. This plasma membrane glycoprotein has a wide range of ligands including oxidised low density lipoprotein (oxLDL) and long chain fatty acids which involves the receptor in diseases such as atherosclerosis and insulin resistance. CD36 is heavily modified post-translationally by N-linked glycosylation and ten putative N-linked glycosylation sites situated in the large extracellular loop of the protein have been identified, however their utilisation and role in the folding and function of the protein have not been characterised. Using mass spectrometry on purified and PNGaseF-deglycosylated CD36, and also by comparing the electrophoretic mobility of different glycosylation-site mutants, this study determined that nine of the ten sites can be modified by glycosylation. Flow cytometric analysis of the different glycosylation mutants expressed in mammalian cells, established that glycosylation is necessary for trafficking to the plasma membrane. Minimally-glycosylated mutants that supported trafficking were identified and indicated the importance of carboxy-terminal sites N247, N321 and N417 and amino-terminal sites N102 and N205. However, unlike the related mouse scavenger receptor SR-BI, no individual site was found to be essential for proper trafficking of CD36. Surprisingly, these minimally-glycosylated mutants appear to be predominantly core glycosylated indicating that mature glycosylation is not necessary for surface expression in mammalian cells. The data also show that neither the nature nor the pattern of glycosylation is relevant to binding of modified LDL.
=538  \\$aMode of access: World Wide Web.
=710  2\$aImperial College, London.
=852  4\$aBritish Library$bDSC$cDRT$j506028
=856  40$uhttp://hdl.handle.net/10044/1/4380
=859  \\$aXLD$bEThOS
=CAT  \\$aETHOSBKLG$b00$c20111010$lBLL01$h1534
=CAT  \\$aETHOSBKLG$c20111010$lBLL01$h1607
=CAT  \\$aETHOSBKLG$c20111010$lBLL01$h1630
=CAT  \\$aBATCH$b00$c20111010$lBLL01$h1820
=CAT  \\$aBATCH-UPD$b00$c20121030$lBLL01$h1022
=CAT  \\$aWR13.117$c20130727$lBLL01$h2007
=CAT  \\$aWR13.144/5$c20140418$lBLL01$h1026
=CAT  \\$aBATCH-ETHO$b00$c20140502$lBLL01$h0138
=DRT  \\$aETHOS
=FIN  \\$aY$d20111010
=FMT  \\$a  BK
=LAS  \\$aBATCH-ETHO$b00$c20140502$lBLL01$h0138
=SRC  \\$aEThOS$bethos_marc_111007.mrc
=STA  \\$aSUPPRESSED$bEThOS can't supply or embargoed

