=LDR  03568 am a22004817a 4500
=001  015917069
=003  Uk
=005  20111010153423.0
=006  m\\\\|\\\d\|\\\\\\
=007  cr||||||||||||
=008  100408s2009\\\\enk\\\\\sbm\\\000\0\eng\\
=040  \\$aUk$beng$cUk
=082  04$a617$223
=100  1\$aJacklin, Rosamond.
=245  10$aJudgment and decision making in surgery$h[electronic resource] /$cRosamond Jacklin.
=260  \\$aLondon :$bImperial College London,$c2009.
=300  \\$a339 p. :$bdigital, PDF file.
=336  \\$atext$2rdacontent
=337  \\$acomputer$2rdamedia
=338  \\$aonline resource$2rdacarrier
=502  \\$aThesis (Ph.D.)--Imperial College London, 2009.
=504  \\$aIncludes bibliographical references.
=520  3\$aThis PhD thesis addresses the question of how we define, measure and improve surgical judgment and decision making, and how junior surgeons may be trained in these skills. The introduction to the thesis outlines the importance of surgical decision making, and the rationale for undertaking this research. An overview of relevant cognitive psychology research is presented, and the methodologies used in the experimental chapters of the thesis are described in detail. The introduction concludes with a systematic review of published empirical work on surgical decision making. The first two empirical studies are qualitative in nature, using interviews and simulation. They address how we define surgical decisions and their relationship to the process of care, including how surgeons subjectively view their own decision making, and whether we can draw inferences from observation of the process in action. Subsequent experimental chapters focus on the measurement of the quality of judgments of risk - a pre-decisional process in which likely outcomes of surgery are evaluated and estimated. Judgment analysis methodology is used to measure surgeons' performance at estimating surgical risks, with evaluation of whether the method shows construct validity, and whether feedback derived from judgment analysis tasks can be used as a teaching tool. The final empirical section of the thesis develops the theme of training junior surgeons in understanding risk and becoming better decision-makers. The process of developing, piloting, implementing and evaluating of a course module aiming to improve surgical trainees' approaches to decision making is presented. Finally the discussion reflects on the strengths and weaknesses of the studies, and outlines the implications of the work for clinical practice, training of junior surgeons, and future research.
=536  \\$aSponsored by: Royal College of Surgeons, Rosetrees Foundation and the Grand Lodge 250th Anniversary Fund
=538  \\$aMode of access: World Wide Web.
=710  2\$aImperial College, London.
=852  4\$aBritish Library$bDSC$cDRT$j506029
=856  40$uhttp://hdl.handle.net/10044/1/4378
=859  \\$aXLD$bEThOS
=CAT  \\$aETHOSBKLG$b00$c20111010$lBLL01$h1534
=CAT  \\$aETHOSBKLG$c20111010$lBLL01$h1607
=CAT  \\$aETHOSBKLG$c20111010$lBLL01$h1630
=CAT  \\$aBATCH$b00$c20111010$lBLL01$h1820
=CAT  \\$aBATCH-UPD$b00$c20121030$lBLL01$h1022
=CAT  \\$aWR13.117$c20130727$lBLL01$h2007
=CAT  \\$aWR13.144/5$c20140418$lBLL01$h1026
=CAT  \\$aBATCH-ETHO$b00$c20140502$lBLL01$h0138
=DRT  \\$aETHOS
=FIN  \\$aY$d20111010
=FMT  \\$a  BK
=LAS  \\$aBATCH-ETHO$b00$c20140502$lBLL01$h0138
=SRC  \\$aEThOS$bethos_marc_111007.mrc
=STA  \\$aSUPPRESSED$bEThOS can't supply or embargoed

