=LDR  04092 am a22004937a 4500
=001  015917070
=003  Uk
=005  20111010153423.0
=006  m\\\\\\\\d\\\\\\\\
=007  cr\|||||||||||
=008  111010s2008\\\\xxk\\\\\sbm\\\000\0\eng\\
=040  \\$aUk$beng$cUk$dUk
=082  04$a551.5$223
=100  1\$aHopcroft, Peter Orlando.
=245  10$aNew Methods for Inferring Past Climatic Changes from Underground Temperatures$h[electronic resource].
=260  \\$bImperial College, London,$c2008.
=300  \\$ap. :$bdigital, PDF file.
=336  \\$atext$2rdacontent
=337  \\$acomputer$2rdamedia
=338  \\$aonline resource$2rdacarrier
=502  \\$aThesis (Ph.D.)--Imperial College London, 2008.
=504  \\$aIncludes bibliographical references.
=520  3\$aIn this thesis new methods have been developed for the recovery of past surface temperaturevariations from underground temperature-depth profiles. This has been undertakenfrom a Bayesian standpoint with an emphasis on model comparison, which allowsdifferently parameterised inverse models (inferred past temperature histories) to be automaticallyconstructed and compared in the light of the data and the prescribed priorinformation. In the first contribution a new method for inverting temperature-depth profiles ispresented which relies on trans-dimensional Bayesian sampling. The temperature historiesare parameterised in terms of a variable number of linear segments over time. Relying onthe natural parsimony of Bayesian inference, whereby simpler models which can adequatelyexplain the data are preferred, the complexity or roughness of the temperature historiescan be determined without the need for explicit a priori smoothing. This method thereforeallows a more objective inference of the past temperature changes. These concepts are extended to the spatial domain in the following chapter using themethod of Bayesian partition modelling. This seeks to find the posterior distribution ofthe number and spatial distribution of independent temperature histories given a spatiallydistributed ensemble of temperature-depth profiles. The results from applicationto 23 real boreholes in the UK are discussed in detail and show a clear preference for8 or 9 independent (and mostly contrasting) temperature histories. It is thus concludedthat the majority of these data cannot be considered as reliable sources of palaeoclimatereconstruction. A 3D finite element heat transfer forward model is developed in the latter part of thethesis, and is used to simulate underground temperatures. This forward model is linked to the first of the two Bayesian inverse methods described above. The effect of the reductionin average ground surface temperature with altitude is included in the forward model andinversion of the resultant profiles using a 1D forward model is shown to give significantdiscrepancies in the inferred temperature histories. Finally the inversion results fromthe Bayesian formulation are compared with those using a conventional gradient descentmethod. The thesis concludes with some possibilities for future research in this field which buildsupon the work presented herein.
=536  \\$aSponsored by: NERC and EPSRC
=538  \\$aMode of access: World Wide Web.
=710  2\$aImperial College, London.
=852  4\$aBritish Library$bDSC$cDRT$j506030
=856  40$uhttp://hdl.handle.net/10044/1/4377
=859  \\$aXLD$bEThOS
=CAT  \\$aETHOSBKLG$b00$c20111010$lBLL01$h1534
=CAT  \\$aETHOSBKLG$c20111010$lBLL01$h1607
=CAT  \\$aETHOSBKLG$c20111010$lBLL01$h1630
=CAT  \\$aBATCH$b00$c20111010$lBLL01$h1820
=CAT  \\$aBATCH-UPD$b00$c20121030$lBLL01$h1022
=CAT  \\$aWR13.117$c20130727$lBLL01$h2007
=CAT  \\$aWR13.144/5$c20140418$lBLL01$h1026
=CAT  \\$aBATCH-ETHO$b00$c20140502$lBLL01$h0138
=CAT  \\$aBATCH-ETH8$c20170506$lBLL01$h1040
=DRT  \\$aETHOS
=FIN  \\$aY$d20111010
=FMT  \\$a  BK
=LAS  \\$aBATCH-ETH8$b00$c20170506$lBLL01$h1040
=SRC  \\$aEThOS$bethos_marc_111007.mrc
=STA  \\$aSUPPRESSED$bEThOS can't supply or embargoed

