=LDR  03578 am a22004697a 4500
=001  015917071
=003  Uk
=005  20111010153423.0
=006  m\\\\\\\\d\\\\\\\\
=007  cr\|||||||||||
=008  101031s2008\\\\xxk\\\\\sbm\\\000\0\eng\\
=040  \\$aUk$beng$cUk
=082  04$a612$223
=100  1\$aChung, Clarice Ka-Yee.
=245  10$aLumbo-pelvic loading during lifting$h[electronic resource] :$binstrumentation and modelling.
=260  \\$bImperial College London,$c2008.
=300  \\$ap. :$bdigital, PDF file.
=336  \\$atext$2rdacontent
=337  \\$acomputer$2rdamedia
=338  \\$aonline resource$2rdacarrier
=502  \\$aThesis (Ph.D.)--Imperial College London, 2008.
=504  \\$aIncludes bibliographical references.
=520  3\$aLow back pain is a common problem, which has been linked to repetitive lifting and highloading. Previous studies investigating the relationship between lifting and spinal load shave failed to consider the separate elements of the back. This study aims to compare different lifting techniques (weightlifting and manual handling) using a multi-segmental model of the spine. The loading and movement characteristics of the lumbo-pelvic joint during sagitally symmetric lifting were investigated. Kinematic and kinetic data were acquired with the 'Flock of Birds' electromagnetic sensors and a custom-built forceplate. Weighted boxes and Olympic barbells were used to simulate occupational lifting and athletic weightlifting respectively. The results indicate a shift to back-driven lifting and a reliance on the momentum of the upper body to move heavier weights. Over-extension of lumbar spine and pelvis during the heavy lifts implies the increased role of the hip and back extensors in force production. Moment did not increase significantly with load suggesting a physiological limit to the moment that can be generated by the muscles; other factors must affect lifting ability once this maximum has been reached. A simultaneous study investigated the potential of the 'balance board' method for measuring pelvic segment mass. Despite previous studies reporting the ease and accuracy of this method for measuring segmental mass, the results were not deemed to be sufficiently accurate for use. This is the first study that attempts to compare lifting technique between subjects with differing types and levels of training. Some training effects were seen to transfer between tasks. These findings would imply that a compromise might be reached, combining the advantages of manual handling and competitive lifting, which could result in a safer and more effective lifting technique. From a clinical perspective, this may be helpful in both treating patients and reducing healthcare costs.
=538  \\$aMode of access: World Wide Web.
=710  2\$aImperial College, London.
=852  4\$aBritish Library$bDSC$cDRT$j506031
=856  40$uhttp://hdl.handle.net/10044/1/4382
=859  \\$aXLD$bEThOS
=CAT  \\$aETHOSBKLG$b00$c20111010$lBLL01$h1534
=CAT  \\$aETHOSBKLG$c20111010$lBLL01$h1607
=CAT  \\$aETHOSBKLG$c20111010$lBLL01$h1630
=CAT  \\$aBATCH$b00$c20111010$lBLL01$h1820
=CAT  \\$aBATCH-UPD$b00$c20121030$lBLL01$h1022
=CAT  \\$aWR13.117$c20130727$lBLL01$h2007
=CAT  \\$aWR13.144/5$c20140418$lBLL01$h1026
=CAT  \\$aBATCH-ETHO$b00$c20140502$lBLL01$h0138
=DRT  \\$aETHOS
=FIN  \\$aY$d20111010
=FMT  \\$a  BK
=LAS  \\$aBATCH-ETHO$b00$c20140502$lBLL01$h0138
=SRC  \\$aEThOS$bethos_marc_111007.mrc
=STA  \\$aSUPPRESSED$bEThOS can't supply or embargoed

