=LDR  05115 am a22004937a 4500
=001  015917072
=003  Uk
=005  20111010153423.0
=006  m\\\\\\\\d\\\\\\\\
=007  cr\|||||||||||
=008  111010s2008\\\\xxk\\\\\sbm\\\000\0\eng\\
=040  \\$aUk$beng$cUk$dUk
=082  04$a519$223
=100  1\$aPostnova, Julia A.
=245  10$aTrapped modes in non-uniform elastic waveguides$h[electronic resource] :$basymptotic and numerical methods.
=260  \\$bImperial College, London,$c2008.
=300  \\$ap. :$bdigital, PDF file.
=336  \\$atext$2rdacontent
=337  \\$acomputer$2rdamedia
=338  \\$aonline resource$2rdacarrier
=502  \\$aThesis (Ph.D.)--Imperial College London, 2008.
=504  \\$aIncludes bibliographical references.
=520  3\$aTrapped modes within elastic waveguides are investigated employing asymptotic and numericalmethods. The problems considered in this thesis concentrate on linear elastic wavesin thickened/thinned and curved waveguides. The localised modes are propagating withinsome region that is characterized by a small parameter but are cut-off for geometric reasonsexterior to that region, and thereafter exponentially decay with distance along the waveguide. Given this physical interpretation long wave theories become appropriate. The generalapproach is as follows: an asymptotic scheme is developed to analyse whether trappedmodes should be expected and to obtain the frequencies at which trapped modes are excited. The asymptotic approach leads to an ordinary differential equation eigenvalue problem thatencapsulates the essential physics. Then, numerical simulations based on spectral methodsare performed for this reduced equation and for the full elasticity equations to validate theasymptotic scheme and demonstrate its accuracy. The thesis begins with an investigation of trapping due to thickness variations. Thelong-wave model for trapped modes is derived and it is shown that this model is functionallythe same as that for a bent plate. Careful computations of the exact governing equations arecompared with the asymptotic theory to demonstrate that the theories tie together. Differentboundary conditions upon the guide walls and the importance of the sign of the groupvelocity are discussed in detail. Then, it is shown that boundary conditions also play a crucial role in the possible existenceof trapped modes. The possibility of trapped modes is considered in nonuniformelastic/ ocean/ quantum waveguides where the guide has one wall with Dirichlet (clamped)boundary conditions and the other Neumann (stress-free) boundary conditions. For bentwaveguides, with such boundary conditions, the sign of the curvature function is shown to play an important role in the possibility of trapping. Trapped modes in 3D elastic plates are considered as a model of waves that are guidedalong, and localised to the vicinity of, welds. These waves propagate unattenuated alongthe weld and exponentially decay with distance transverse to it. Three-dimensional geometriesintroduce additional complications but, again, asymptotic analysis is possible. Thelong-wave model provides numerical values of the trapped mode frequencies and givesconditions at which trapping can occur; these depend on the components of the wave numberin different directions and variations of the plate thickness. To mimic the guide stretching out to infinity a perfectly matched layer (PML) techniqueoriginally developed by Berenger for electromagnetic wave propagation is employed. Themethod is illustrated on the example of topographically varying and bent acoustic guides,and numerically implemented in the spectral scheme to construct dispersion curves for atwo-dimensional circular elastic annulus immersed in infinite fluid. This numerical schemeis new and more efficient than direct root-finding methods for the exact dispersion relationinvolving the Bessel functions. In the final chapter, the influence of external fluid on trapping within elastic waveguidesis considered. A long-wave scheme for a curved and thickening plates in infinite fluid isderived, conditions of existence of trapping are analysed and compared with those for platesin vacuum.
=536  \\$aSponsored by: ORSAS
=538  \\$aMode of access: World Wide Web.
=710  2\$aImperial College, London.
=852  4\$aBritish Library$bDSC$cDRT$j506032
=856  40$uhttp://hdl.handle.net/10044/1/4384
=859  \\$aXLD$bEThOS
=CAT  \\$aETHOSBKLG$b00$c20111010$lBLL01$h1534
=CAT  \\$aETHOSBKLG$c20111010$lBLL01$h1607
=CAT  \\$aETHOSBKLG$c20111010$lBLL01$h1630
=CAT  \\$aBATCH$b00$c20111010$lBLL01$h1820
=CAT  \\$aBATCH-UPD$b00$c20121030$lBLL01$h1022
=CAT  \\$aWR13.117$c20130727$lBLL01$h2007
=CAT  \\$aWR13.144/5$c20140418$lBLL01$h1026
=CAT  \\$aBATCH-ETHO$b00$c20140502$lBLL01$h0138
=CAT  \\$aBATCH-ETH8$c20170506$lBLL01$h1040
=DRT  \\$aETHOS
=FIN  \\$aY$d20111010
=FMT  \\$a  BK
=LAS  \\$aBATCH-ETH8$b00$c20170506$lBLL01$h1040
=SRC  \\$aEThOS$bethos_marc_111007.mrc
=STA  \\$aSUPPRESSED$bEThOS can't supply or embargoed

