=LDR  03874 am a22004697a 4500
=001  015917073
=003  Uk
=005  20111010153423.0
=006  m\\\\|\\\d\|\\\\\\
=007  cr||||||||||||
=008  100408s2009\\\\enk\\\\\sbm\\\000\0\eng\\
=040  \\$aUk$beng$cUk
=082  04$a616.9883$223
=100  1\$aKoukounari, Artemis.
=245  10$aBiostatistical analysis of the Schistosomiasis Control Initiative Programme on Schistosoma prevalence, intensity and associated morbidity$h[electronic resource] /$cArtemis Koukounari.
=260  \\$aLondon :$bImperial College London,$c2009.
=300  \\$a221 p. :$bdigital, PDF file.
=336  \\$atext$2rdacontent
=337  \\$acomputer$2rdamedia
=338  \\$aonline resource$2rdacarrier
=502  \\$aThesis (Ph.D.)--Imperial College London, 2009.
=504  \\$aIncludes bibliographical references.
=520  3\$aBackground: Schistosomiasis remains one of the most prevalent parasitic diseases in developing countries. Goal and objectives: The potential relationship between Schistosoma mansoni and anaemia, was examined using Schistosomiasis Control Initiative (SCI) data on Ugandan children and a randomized clinical trial implemented by colleagues from the London School of Hygiene and Tropical Medicine (LSHTM) in Western Kenya. The impact of large-scale administration of chemotherapy on Schistosoma haematobium infection and associated morbidity was also evaluated using SCI data on Burkinabe children. Evaluation and validation of field applicable tools, such as ultrasound, for the cost-effective diagnosis of schistosomiasis morbidity using SCI baseline data from Malian children was another aim of this thesis. Furthermore, in combination with the ultrasound scans, microscopic examination of urine for detection of S. haematobium eggs, dipsticks for detection of haematuria, tests for circulating antigens and serology tests were examined for the cost-effective assessment of S. haematobium prevalence in an adult's dataset from Ghana. Methods: Biostatistical analysis of aforementioned data was applied. Principal findings: Results from SCI and LSHTM studies suggest that anaemia is associated with schistosomiasis in African children, and that such anaemia shows a significant improvement following chemotherapy. Results from the SCI study in Burkina Faso suggested that even a single round of mass chemotherapy can have a substantial impact on S. haematobium infection and its associated morbidity in children. Microscopy and haematuria dipsticks were suggested as sensitive and specific indicators of prevalence of S. haematobium infection in Ghanaian adults. Furthermore, ultrasound global scores were demonstrated to be valuable markers in children for morbidity caused by S. haematobium infection, but ultrasonographic examination is not a reasonable substitute for microscopy or dipsticks for determining the prevalence of this infection. Significance: Finally, the key findings from all the studies presented, emphasizing how these relate to one another, are discussed.
=538  \\$aMode of access: World Wide Web.
=710  2\$aImperial College, London.
=852  4\$aBritish Library$bDSC$cDRT$j506033
=856  40$uhttp://hdl.handle.net/10044/1/4383
=859  \\$aXLD$bEThOS
=CAT  \\$aETHOSBKLG$b00$c20111010$lBLL01$h1534
=CAT  \\$aETHOSBKLG$c20111010$lBLL01$h1607
=CAT  \\$aETHOSBKLG$c20111010$lBLL01$h1630
=CAT  \\$aBATCH$b00$c20111010$lBLL01$h1820
=CAT  \\$aBATCH-UPD$b00$c20121030$lBLL01$h1022
=CAT  \\$aWR13.117$c20130727$lBLL01$h2007
=CAT  \\$aWR13.144/5$c20140418$lBLL01$h1026
=CAT  \\$aBATCH-ETHO$b00$c20140502$lBLL01$h0138
=DRT  \\$aETHOS
=FIN  \\$aY$d20111010
=FMT  \\$a  BK
=LAS  \\$aBATCH-ETHO$b00$c20140502$lBLL01$h0138
=SRC  \\$aEThOS$bethos_marc_111007.mrc
=STA  \\$aSUPPRESSED$bEThOS can't supply or embargoed

