=LDR  04307 am a22004817a 4500
=001  015917078
=003  Uk
=005  20111010153424.0
=006  m\\\\\\\\d\\\\\\\\
=007  cr\|||||||||||
=008  111010s2009\\\\xxk\\\\\sbm\\\000\0\eng\\
=040  \\$aUk$beng$cUk$dUk
=082  04$a615.19$223
=100  1\$aToson, Severine.
=245  10$aSelf-Lubrication Phenomena in Pharmaceutical Tabletting$h[electronic resource].
=260  \\$bImperial College, London,$c2009.
=300  \\$ap. :$bdigital, PDF file.
=336  \\$atext$2rdacontent
=337  \\$acomputer$2rdamedia
=338  \\$aonline resource$2rdacarrier
=502  \\$aThesis (Ph.D.)--University of London - Imperial College London, 2009.
=504  \\$aIncludes bibliographical references.
=520  3\$aThis thesis presents an experimental study designed for the characterization of the tablettingbehaviors of Starch 1500?, Starcap 1500?, LHPC LH-11 and LHPC LH-B1, chosen for their displayof self-lubrication properties, in the form of efficient stress transmission, low ejection forcesand anti-capping propensities, with two specific aims:Firstly, the mechanisms underlying the tabletting performance of the materials were investigated. Secondly, in order to develop a robust experimental characterization method, the value ofthe experimental indicators used in this work was assessed. The time dependence of plastic flow was evidenced through a strain rate sensitivity study: thevariations of a set of experimental parameters with the compaction rate were observed. On theone hand, the axial (AER) and diametral (DER) tablet relaxations provided an indirect measureof the elastic deformation of the powder bed. On the other hand, the Heckel Yield Stress (?yH),Kawakita parameters a and b, and the maximum stress transmission coefficient (STCM), allowedan evaluation of the extent of plastic flow. Secondly, the initial (SRR0), final (SRRF) and average (SRRAv) stress relaxation rates, as wellas the proportion of stress lost during relaxation (?PM) of the four powders were quantified fromstress relaxation experiments. Also, a new approach based on linear combinations of exponentialdecay functions, was proposed for the analysis of stress relaxation curves obtained for powderbeds. Finally, the maximum ejection force and profiles, used in conjunction with the unejected compactsurface roughness and the final tablet shape served to elucidate the different relaxation phenomenataking place during the unloading and ejection phases, as well as investigate die wallfriction. The mechanical strength of the final tablets allowed an estimation of the final particlecohesion achieved. The major finding of this work is that the tabletting behaviors of the powders result from thespecific balance between their degrees of plastic and elastic deformations. More precisely, plasticflow governs the compact consolidation through interparticulate bonding, but also the strengthof the adhesive junctions formed between the tablet and the die wall, responsible for friction. Axial elastic recovery of the tablet during unloading causes the weakening of interparticulatebonds through their stretching, but also the cleavage of the compact-die wall plastic junctionsand thus a reduction in the friction force between them. The fine-tuning of these two phenomenacould lead to the formation of a tablet of satisfactory mechanical strength with minimal die wallfriction.
=538  \\$aMode of access: World Wide Web.
=710  2\$aImperial College, London.
=852  4\$aBritish Library$bDSC$cDRT$j506038
=856  40$uhttp://hdl.handle.net/10044/1/4364
=859  \\$aXLD$bEThOS
=CAT  \\$aETHOSBKLG$b00$c20111010$lBLL01$h1534
=CAT  \\$aETHOSBKLG$c20111010$lBLL01$h1607
=CAT  \\$aETHOSBKLG$c20111010$lBLL01$h1630
=CAT  \\$aBATCH$b00$c20111010$lBLL01$h1820
=CAT  \\$aBATCH-UPD$b00$c20121030$lBLL01$h1022
=CAT  \\$aWR13.117$c20130727$lBLL01$h2007
=CAT  \\$aWR13.144/5$c20140418$lBLL01$h1026
=CAT  \\$aBATCH-ETHO$b00$c20140502$lBLL01$h0138
=CAT  \\$aBATCH-ETH8$c20170506$lBLL01$h1040
=DRT  \\$aETHOS
=FIN  \\$aY$d20111010
=FMT  \\$a  BK
=LAS  \\$aBATCH-ETH8$b00$c20170506$lBLL01$h1040
=SRC  \\$aEThOS$bethos_marc_111007.mrc
=STA  \\$aSUPPRESSED$bEThOS can't supply or embargoed

