=LDR  03616 am a22004817a 4500
=001  015917408
=003  Uk
=005  20111010153427.0
=006  m\\\\\\\\d\\\\\\\\
=007  cr\|||||||||||
=008  111010s2008\\\\xxk\\\\\sbm\\\000\0\eng\\
=040  \\$aUk$beng$cUk$dUk
=082  04$a571.4$223
=100  1\$aAndrell, Juni.
=245  10$aX-ray crystallographic studies on Particulate Methane Monooxygenase, Thioredoxin A and Arginine Decarboxylase$h[electronic resource].
=260  \\$bImperial College, London,$c2008.
=300  \\$ap. :$bdigital, PDF file.
=336  \\$atext$2rdacontent
=337  \\$acomputer$2rdamedia
=338  \\$aonline resource$2rdacarrier
=502  \\$aThesis (Ph.D.)--Imperial College London, 2008.
=504  \\$aIncludes bibliographical references.
=520  3\$aThe work presented in this thesis describes the X-ray crystallographic studies of particulatemethane monoxygenase (pMMO) from Methylococcus capsulatus (Bath), thioredoxin A(BsTrxA) from Bacillus subtilis and arginine decarboxylase (AdiA) from Escherichia coli.1. pMMO is a respiratory enzyme that catalyses the first step in the metabolic pathway inmethanotrophic bacteria by converting methane to methanol. The crystal structure of thisintegral membrane protein was determined by molecular replacement to 3.5 ? resolution. The three metal sites in pMMO were confirmed to be a mononuclear copper site, adinuclear copper site and a mononuclear zinc site.2. Thioredoxin is a ubiquitous protein present in nearly all known organisms. Its purposein the cell is to maintain cysteine-containing proteins in the reduced state by convertingintramolecular disulfide bonds to dithiols in a redox reaction. The crystal structure of anactive site mutant of BsTrxA was determined by molecular replacement to 1.5 ?resolution. The structure shows a homodimer that resembles enzyme-substrate reactionintermediates.3. AdiA is a vitamin B6-dependent enzyme that catalyses the decarboxylation of arginineinto agmatine. It forms a part of an enzymatic system in E. coli that contribute to makingthis organism acid resistant. The structure of arginine decarboxylase (AdiA) from E. coliwas determined by multiple isomorphous replacement and anomalous scattering (MIRAS)methods to 2.4 ? resolution. The structure revealed a ~800 kDa decamer composed as apentamer of five homodimers. AdiA becomes active as the cellular environment becomesmore acidic. The structure of AdiA suggests how functional decamers associate withdecreasing pH or disassociates into inactive homodimers with increasing pH. The enzymemechanism and determinants for substrate specificity are discussed within the frameworkof the structure and comparisons with related structures are made.
=538  \\$aMode of access: World Wide Web.
=710  2\$aImperial College, London.
=852  4\$aBritish Library$bDSC$cDRT$j506400
=856  40$uhttp://hdl.handle.net/10044/1/4634
=859  \\$aXLD$bEThOS
=CAT  \\$aETHOSBKLG$b00$c20111010$lBLL01$h1534
=CAT  \\$aETHOSBKLG$c20111010$lBLL01$h1607
=CAT  \\$aETHOSBKLG$c20111010$lBLL01$h1630
=CAT  \\$aBATCH$b00$c20111010$lBLL01$h1820
=CAT  \\$aBATCH-UPD$b00$c20121030$lBLL01$h1022
=CAT  \\$aWR13.117$c20130727$lBLL01$h2007
=CAT  \\$aWR13.144/5$c20140418$lBLL01$h1026
=CAT  \\$aBATCH-ETHO$b00$c20140502$lBLL01$h0138
=CAT  \\$aBATCH-ETH8$c20170506$lBLL01$h1040
=DRT  \\$aETHOS
=FIN  \\$aY$d20111010
=FMT  \\$a  BK
=LAS  \\$aBATCH-ETH8$b00$c20170506$lBLL01$h1040
=SRC  \\$aEThOS$bethos_marc_111007.mrc
=STA  \\$aSUPPRESSED$bEThOS can't supply or embargoed

