=LDR  04020 am a22004937a 4500
=001  015917411
=003  Uk
=005  20111010153427.0
=006  m\\\\\\\\d\\\\\\\\
=007  cr\|||||||||||
=008  111010s2009\\\\xxk\\\\\sbm\\\000\0\eng\\
=040  \\$aUk$beng$cUk$dUk
=082  04$a620.106$223
=100  1\$aTomasello, Antonino.
=245  10$aOne-dimensional modelling of mixing, dispersion and segregation of multiphase fluids flowing in pipelines$h[electronic resource].
=260  \\$bImperial College, London,$c2009.
=300  \\$ap. :$bdigital, PDF file.
=336  \\$atext$2rdacontent
=337  \\$acomputer$2rdamedia
=338  \\$aonline resource$2rdacarrier
=502  \\$aThesis (Ph.D.)--Imperial College London, 2009.
=504  \\$aIncludes bibliographical references.
=520  3\$aThe flow of immiscible liquids in pipelines has been studied in this work in order to formulatea one-dimensional model for the computer analysis of two-phase liquid-liquid flow in horizontalpipes. The model simplifies the number of flow patterns commonly encountered in liquid-liquidflow to stratified flow, fully dispersed flow and partial dispersion with the formation of one ortwo different emulsions. The model is based on the solution of continuity equations for dispersedand continuous phase; correlations available in the literature are used for the calculation of themaximum and mean dispersed phase drop diameter, the emulsion viscosity, the phase inversionpoint, the liquid-wall friction factors, liquid-liquid friction factors at interface and the slipvelocity between the phases. In absence of validated models for entrainment and depositionin liquid-liquid flow, two entrainment rate correlations and two deposition models originallydeveloped for gas-liquid flow have been adapted to liquid-liquid flow. The model was appliedto the flow of oil and water; the predicted flow regimes have been presented as a functionof the input water fraction and mixture velocity and compared with experimental results,showing an overall good agreement between calculation and experiments. Calculated valuesof oil-in-water and water-in-oil dispersed fractions were compared against experimental datafor different oil and water superficial velocities, input water fractions and mixture velocities. Pressure losses calculated in the full developed flow region of the pipe, a crucial quantity inindustrial applications, are reasonably close to measured values. Discrepancies and possibleimprovements of the model are also discussed. The model for two-phase flow was extended to three-phase liquid-liquid-gas flow withinthe framework of the two-fluid model. The two liquid phases were treated as a unique liquidphase with properly averaged properties. The model for three-phase flow thus developed wasimplemented in an existing research code for the simulation of three-phase slug flow with theformation of emulsions in the liquid phase and phase inversion phenomena. Comparisons withexperimental data are presented.
=536  \\$aSponsored by: Engineering and Physical Sciences Research Council (EPSRC), the Department of Trade and Industry
=538  \\$aMode of access: World Wide Web.
=710  2\$aImperial College, London.
=852  4\$aBritish Library$bDSC$cDRT$j506404
=856  40$uhttp://hdl.handle.net/10044/1/4401
=859  \\$aXLD$bEThOS
=CAT  \\$aETHOSBKLG$b00$c20111010$lBLL01$h1534
=CAT  \\$aETHOSBKLG$c20111010$lBLL01$h1607
=CAT  \\$aETHOSBKLG$c20111010$lBLL01$h1630
=CAT  \\$aBATCH$b00$c20111010$lBLL01$h1820
=CAT  \\$aBATCH-UPD$b00$c20121030$lBLL01$h1022
=CAT  \\$aWR13.117$c20130727$lBLL01$h2007
=CAT  \\$aWR13.144/5$c20140418$lBLL01$h1026
=CAT  \\$aBATCH-ETHO$b00$c20140502$lBLL01$h0138
=CAT  \\$aBATCH-ETH8$c20170506$lBLL01$h1040
=DRT  \\$aETHOS
=FIN  \\$aY$d20111010
=FMT  \\$a  BK
=LAS  \\$aBATCH-ETH8$b00$c20170506$lBLL01$h1040
=SRC  \\$aEThOS$bethos_marc_111007.mrc
=STA  \\$aSUPPRESSED$bEThOS can't supply or embargoed

