=LDR  03769 am a22004817a 4500
=001  015917413
=003  Uk
=005  20111010153427.0
=006  m\\\\|\\\d\|\\\\\\
=007  cr||||||||||||
=008  100408s2009\\\\enk\\\\\sbm\\\000\0\eng\\
=040  \\$aUk$beng$cUk
=082  04$a616.994$223
=100  1\$aZucknick, Manuela.
=245  10$aMultivariate analysis of tumour gene expression profiles applying regularisation and Bayesian variable selection techniques$h[electronic resource] /$cby Manuela Zucknick.
=260  \\$aLondon :$bImperial College London,$c2009.
=300  \\$a236 p. :$bdigital, PDF file.
=336  \\$atext$2rdacontent
=337  \\$acomputer$2rdamedia
=338  \\$aonline resource$2rdacarrier
=502  \\$aThesis (Ph.D.)--Imperial College London, 2009.
=504  \\$aIncludes bibliographical references.
=520  3\$aHigh-throughput microarray technology is here to stay, e.g. in oncology for tumour classification and gene expression profiling to predict cancer pathology and clinical outcome. The global objective of this thesis is to investigate multivariate methods that are suitable for this task. After introducing the problem and the biological background, an overview of multivariate regularisation methods is given in Chapter 3 and the binary classification problem is outlined (Chapter 4). The focus of applications presented in Chapters 5 to 7 is on sparse binary classifiers that are both parsimonious and interpretable. Particular emphasis is on sparse penalised likelihood and Bayesian variable selection models, all in the context of logistic regression. The thesis concludes with a final discussion chapter. The variable selection problem is particularly challenging here, since the number of variables is much larger than the sample size, which results in an ill-conditioned problem with many equally good solutions. Thus, one open problem is the stability of gene expression profiles. In a resampling study, various characteristics including stability are compared between a variety of classifiers applied to five gene expression data sets and validated on two independent data sets. Bayesian variable selection provides an alternative to resampling for estimating the uncertainty in the selection of genes. MCMC methods are used for model space exploration, but because of the high dimensionality standard algorithms are computationally expensive and/or result in poor Markov chain mixing. A novel MCMC algorithm is presented that uses the dependence structure between input variables for finding blocks of variables to be updated together. This drastically improves mixing while keeping the computational burden acceptable. Several algorithms are compared in a simulation study. In an ovarian cancer application in Chapter 7, the best-performing MCMC algorithms are combined with parallel tempering and compared with an alternative method.
=536  \\$aSponsored by: Wellcome Trust
=538  \\$aMode of access: World Wide Web.
=710  2\$aImperial College, London.
=852  4\$aBritish Library$bDSC$cDRT$j506406
=856  40$uhttp://hdl.handle.net/10044/1/4397
=859  \\$aXLD$bEThOS
=CAT  \\$aETHOSBKLG$b00$c20111010$lBLL01$h1534
=CAT  \\$aETHOSBKLG$c20111010$lBLL01$h1607
=CAT  \\$aETHOSBKLG$c20111010$lBLL01$h1630
=CAT  \\$aBATCH$b00$c20111010$lBLL01$h1820
=CAT  \\$aBATCH-UPD$b00$c20121030$lBLL01$h1022
=CAT  \\$aWR13.117$c20130727$lBLL01$h2007
=CAT  \\$aWR13.144/5$c20140418$lBLL01$h1026
=CAT  \\$aBATCH-ETHO$b00$c20140502$lBLL01$h0138
=DRT  \\$aETHOS
=FIN  \\$aY$d20111010
=FMT  \\$a  BK
=LAS  \\$aBATCH-ETHO$b00$c20140502$lBLL01$h0138
=SRC  \\$aEThOS$bethos_marc_111007.mrc
=STA  \\$aSUPPRESSED$bEThOS can't supply or embargoed

