=LDR  03680 am a22004697a 4500
=001  015917414
=003  Uk
=005  20111010153427.0
=006  m\\\\|\\\d\|\\\\\\
=007  cr||||||||||||
=008  100407s2009\\\\enk\\\\\sbm\\\000\0\eng\\
=040  \\$aUk$beng$cUk
=082  04$a571.96$223
=100  1\$aTaylor, Benjamin James Miles.
=245  10$aRegulation of the Igk locus and B cell development$h[electronic resource] /$cby Benjamin James Miles Taylor.
=260  \\$aLondon :$bImperial College London,$c2009.
=300  \\$a227 p. :$bdigital, PDF file.
=336  \\$atext$2rdacontent
=337  \\$acomputer$2rdamedia
=338  \\$aonline resource$2rdacarrier
=502  \\$aThesis (Ph.D.)--Imperial College London, 2009.
=504  \\$aIncludes bibliographical references.
=520  3\$aAllelic exclusion coupled to lineage and stage specific regulation ensure the Igk locus undergoes RAG mediated V-J recombination only at the small pre-BII stage of lymphocyte development. These mechanisms also ensure the final antigen receptor is monospecific and allow self-specific receptors to be recognised and altered at later stages of development. Allelic exclusion is controlled by mechanism involving either epigenetic based allele selection early in development or probabilistic activation of a single allele at the small pre-BII stage. Current models favour the probabilistic model based on an elegant GFP reporter system. We present a reappraisal of this model based on an absence of the originally detected probabilistic activation. We find the absence to be explained in part by an aberrant splice event generated by developmentally regulated Igk germline promoter usage. The activity of the promoter was investigated using in-vitro models of critical events during the B cell development but their role remains elusive. Intense investigation for the last 20 years has determined that chromatic regulation underpins the stage and lineage specification of rearrangement. The protein factors responsible for this regulation remain unknown. Using transgene reporters of cis-acting sequences and in-vitro model systems of B cell development, we find an involvement for members of the zinc finger family of Ikaros transcription factors, IRF4 and LEF1. We determined a bipartite role for Ikaros whereby its activity could both suppress rearrangement prior to pre-BCR signalling and promote rearrangement thereafter, possibly through an IRF4 based mechanism. Finally we present evidence for a role for Ikaros protein in later stages of B cell development. We find modulation of Ikaros activity directly influences the ability of cells to differentiate to the plasma cell fate. We used a transgenic model to allow genome-wide mapping of the transcriptional events regulated by Ikaros and find multiple small modulations of factors and pathways.
=538  \\$aMode of access: World Wide Web.
=710  2\$aImperial College, London.
=852  4\$aBritish Library$bDSC$cDRT$j506408
=856  40$uhttp://hdl.handle.net/10044/1/4395
=859  \\$aXLD$bEThOS
=CAT  \\$aETHOSBKLG$b00$c20111010$lBLL01$h1534
=CAT  \\$aETHOSBKLG$c20111010$lBLL01$h1607
=CAT  \\$aETHOSBKLG$c20111010$lBLL01$h1630
=CAT  \\$aBATCH$b00$c20111010$lBLL01$h1820
=CAT  \\$aBATCH-UPD$b00$c20121030$lBLL01$h1022
=CAT  \\$aWR13.117$c20130727$lBLL01$h2007
=CAT  \\$aWR13.144/5$c20140418$lBLL01$h1026
=CAT  \\$aBATCH-ETHO$b00$c20140502$lBLL01$h0138
=DRT  \\$aETHOS
=FIN  \\$aY$d20111010
=FMT  \\$a  BK
=LAS  \\$aBATCH-ETHO$b00$c20140502$lBLL01$h0138
=SRC  \\$aEThOS$bethos_marc_111007.mrc
=STA  \\$aSUPPRESSED$bEThOS can't supply or embargoed

