=LDR  03694 am a22004817a 4500
=001  015917416
=003  Uk
=005  20111010153427.0
=006  m\\\\|\\\d\|\\\\\\
=007  cr||||||||||||
=008  100407s2009\\\\enk\\\\\sbm\\\000\0\eng\\
=040  \\$aUk$beng$cUk
=082  04$a610.21$223
=100  1\$aTachmazidou, Ioanna.
=245  10$aBayesian statistical methods for genetic association studies with case-control and cohort design$h[electronic resource] /$cIoanna Tachmazidou.
=260  \\$aLondon :$bImperial College London,$c2009.
=300  \\$a172 p. :$bdigital, PDF file.
=336  \\$atext$2rdacontent
=337  \\$acomputer$2rdamedia
=338  \\$aonline resource$2rdacarrier
=502  \\$aThesis (Ph.D.)--Imperial College London, 2009.
=504  \\$aIncludes bibliographical references.
=520  3\$aLarge-scale genetic association studies are carried out with the hope of discovering single nucleotide polymorphisms involved in the etiology of complex diseases. We propose a coalescent-based model for association mapping which potentially increases the power to detect disease-susceptibility variants in genetic association studies with case-control and cohort design. The approach uses Bayesian partition modelling to cluster haplotypes with similar disease risks by exploiting evolutionary information. We focus on candidate gene regions and we split the chromosomal region of interest into sub-regions or windows of high linkage disequilibrium (LD) therein assuming a perfect phylogeny. The haplotype space is then partitioned into disjoint clusters within which the phenotype-haplotype association is assumed to be the same. The novelty of our approach consists in the fact that the distance used for clustering haplotypes has an evolutionary interpretation, as haplotypes are clustered according to the time to their most recent common mutation. Our approach is fully Bayesian and we develop Markov Chain Monte Carlo algorithms to sample efficiently over the space of possible partitions. We have also developed a Bayesian survival regression model for high-dimension and small sample size settings. We provide a Bayesian variable selection procedure and shrinkage tool by imposing shrinkage priors on the regression coefficients. We have developed a computationally efficient optimization algorithm to explore the posterior surface and find the maximum a posteriori estimates of the regression coefficients. We compare the performance of the proposed methods in simulation studies and using real datasets to both single-marker analyses and recently proposed multi-marker methods and show that our methods perform similarly in localizing the causal allele while yielding lower false positive rates. Moreover, our methods offer computational advantages over other multi-marker approaches.
=536  \\$aSponsored by: Wellcome Trust
=538  \\$aMode of access: World Wide Web.
=710  2\$aImperial College, London.
=852  4\$aBritish Library$bDSC$cDRT$j506410
=856  40$uhttp://hdl.handle.net/10044/1/4398
=859  \\$aXLD$bEThOS
=CAT  \\$aETHOSBKLG$b00$c20111010$lBLL01$h1534
=CAT  \\$aETHOSBKLG$c20111010$lBLL01$h1607
=CAT  \\$aETHOSBKLG$c20111010$lBLL01$h1630
=CAT  \\$aBATCH$b00$c20111010$lBLL01$h1820
=CAT  \\$aBATCH-UPD$b00$c20121030$lBLL01$h1022
=CAT  \\$aWR13.117$c20130727$lBLL01$h2007
=CAT  \\$aWR13.144/5$c20140418$lBLL01$h1026
=CAT  \\$aBATCH-ETHO$b00$c20140502$lBLL01$h0138
=DRT  \\$aETHOS
=FIN  \\$aY$d20111010
=FMT  \\$a  BK
=LAS  \\$aBATCH-ETHO$b00$c20140502$lBLL01$h0138
=SRC  \\$aEThOS$bethos_marc_111007.mrc
=STA  \\$aSUPPRESSED$bEThOS can't supply or embargoed

