=LDR  03794 am a22004817a 4500
=001  015917420
=003  Uk
=005  20111010153427.0
=006  m\\\\|\\\d\|\\\\\\
=007  cr||||||||||||
=008  100408s2009\\\\enk\\\\\sbm\\\000\0\eng\\
=040  \\$aUk$beng$cUk
=082  04$a616.079$223
=100  1\$aSmith, Nicola Marianne Godwin.
=245  10$aCharacterisation of T cell surface phenotype and effector function in a surrogate model of rheumatoid arthritis$h[electronic resource] /$cNicola Marianne Godwin Smith.
=260  \\$aLondon :$bImperial College London,$c2009.
=300  \\$a293 p. :$bdigital, PDF file.
=336  \\$atext$2rdacontent
=337  \\$acomputer$2rdamedia
=338  \\$aonline resource$2rdacarrier
=502  \\$aThesis (Ph.D.)--Imperial College London, 2009.
=504  \\$aIncludes bibliographical references.
=520  3\$aTNFα plays a pivotal role in the pathogenesis of rheumatoid arthritis (RA), however the mechanisms underlying its dysregulation are not completely understood. TNFα production by macrophages is dependent on their contact with synovial T cells. In an in vitro model of RA, peripheral blood lymphocytes stimulated with a cocktail of cytokines mimic this RA T cell effector function. This thesis defines and characterises the effector population of cytokine-activated human T cells through two different approaches. Studies presented here show that within a population of cytokine-activated T cells, CD4+CD45RO+CCR7-cells induce the highest levels of TNFα when co-cultured with monocytes. Cytokine-activated CD4+ memory T cells phenotypically and functionally resemble lymphocytes isolated from RA synovial tissue. The cytokine cocktail induces proliferation and differentiation of peripheral blood T cells into highly potent effectors. These cells upregulate specific activation markers, adhesion molecules and chemokine receptors; such as CD25, CD69, CD62L, VLA-4, LFA-1 and CXCR4 which directly or indirectly, contribute to the induction of TNFα. By defining the phenotype of the lymphocytes most capable of inducing TNFα in our model, I isolated a population of T cells on which to focus my studies. The molecular nature of contact-dependent monocyte activation by cytokine-activated T cells was further investigated through proteomic profiling of the T cell surface. Plasma membrane protein-enriched samples were resolved in one- and two-dimensions. Subsequent mass spectrometry identified two molecules of interest. CD97 was found to be highly expressed by cytokine-activated CD4+ memory T cells, and contributed to both the induction of monocyte TNFα and spontaneous TNFα release from rheumatoid synovial tissue. Expression of CD81 and other tetraspanin family members increased on cytokine activation and was observed in synovial tissue. The results presented in this thesis provide further insight into the contribution of T cells in RA.
=536  \\$aFunded by Arthritis Research Campaign
=538  \\$aMode of access: World Wide Web.
=710  2\$aImperial College, London.
=852  4\$aBritish Library$bDSC$cDRT$j506415
=856  40$uhttp://hdl.handle.net/10044/1/4391
=859  \\$aXLD$bEThOS
=CAT  \\$aETHOSBKLG$b00$c20111010$lBLL01$h1534
=CAT  \\$aETHOSBKLG$c20111010$lBLL01$h1607
=CAT  \\$aETHOSBKLG$c20111010$lBLL01$h1630
=CAT  \\$aBATCH$b00$c20111010$lBLL01$h1820
=CAT  \\$aBATCH-UPD$b00$c20121030$lBLL01$h1022
=CAT  \\$aWR13.117$c20130727$lBLL01$h2007
=CAT  \\$aWR13.144/5$c20140418$lBLL01$h1026
=CAT  \\$aBATCH-ETHO$b00$c20140502$lBLL01$h0138
=DRT  \\$aETHOS
=FIN  \\$aY$d20111010
=FMT  \\$a  BK
=LAS  \\$aBATCH-ETHO$b00$c20140502$lBLL01$h0138
=SRC  \\$aEThOS$bethos_marc_111007.mrc
=STA  \\$aSUPPRESSED$bEThOS can't supply or embargoed

