=LDR  03670 am a22004697a 4500
=001  015917422
=003  Uk
=005  20111010153427.0
=006  m\\\\|\\\d\|\\\\\\
=007  cr||||||||||||
=008  100408s2009\\\\enk\\\\\sbm\\\000\0\eng\\
=040  \\$aUk$beng$cUk
=082  04$a572.8$223
=100  1\$aNikic, Svetlana.
=245  10$aEpigenetic regulation of gene expression domains in pluripotent stem cells$h[electronic resource] /$cSvetlana Nikic.
=260  \\$aLondon :$bImperial College London,$c2009.
=300  \\$ap. :$bdigital, PDF file.
=336  \\$atext$2rdacontent
=337  \\$acomputer$2rdamedia
=338  \\$aonline resource$2rdacarrier
=502  \\$aThesis (Ph.D.)--Imperial College London, 2009.
=504  \\$aIncludes bibliographical references.
=520  3\$aTranscriptional and histone modification profiles were analysed in detail across several regions of the mouse genome in order to examine how tissue-specificity is determined at early stages of development and how it is maintained during cell commitment. The analysis was mainly focused on a 2 Mb gene-dense region containing 68 known closely situated genes, having very diverse expression patterns. Transcriptional profiling of this region showed that clustered tissue-restricted and housekeeping genes are associated with clearly defined monovalent or bivalent epigenetic domains. In ES cells, the actively transcribed housekeeping genes were enriched for histone H3K4me1, H3K4me2, H3K4me3, H3K9ac and binding of Pol II. Most of the silent tissue-restricted genes were marked by bivalent domains and had background levels of Pol II. In few cases, substantial levels of Pol II were found at inactive genes situated close to housekeeping genes, suggesting that transcriptional read-through could be occurring at these genes in ES cells. Epigenetic profiling of the gene-dense region in LPS-activated B cells showed that B cells have a very similar histone modification profile to ES cells. Specifically, the analysis showed that bivalent domains which were thought to be a defining characteristic of pluripotent stem cells are equally prevalent in B cells, suggesting that the epigenetic marking of silent genes is quite similar in these two very different cell types. Analysis of a large gene-poor region containing four genes encoding GABAA neurotransmitter receptor subunits showed that the this locus acquires a large bivalent domain of approximately 1.3 Mb following differentiation of ES cells into NS cells and astrocytes. The results obtained in this study demonstrate the complex and diverse nature of histone modifications at tissue-restricted genes and suggest that trans-acting factors are responsible for generating highly specific combinations of histone modifications at each individual gene at different stages of cell differentiation.
=538  \\$aMode of access: World Wide Web.
=710  2\$aImperial College, London.
=852  4\$aBritish Library$bDSC$cDRT$j506418
=856  40$uhttp://hdl.handle.net/10044/1/4389
=859  \\$aXLD$bEThOS
=CAT  \\$aETHOSBKLG$b00$c20111010$lBLL01$h1534
=CAT  \\$aETHOSBKLG$c20111010$lBLL01$h1607
=CAT  \\$aETHOSBKLG$c20111010$lBLL01$h1630
=CAT  \\$aBATCH$b00$c20111010$lBLL01$h1820
=CAT  \\$aBATCH-UPD$b00$c20121030$lBLL01$h1022
=CAT  \\$aWR13.117$c20130727$lBLL01$h2007
=CAT  \\$aWR13.144/5$c20140418$lBLL01$h1026
=CAT  \\$aBATCH-ETHO$b00$c20140502$lBLL01$h0138
=DRT  \\$aETHOS
=FIN  \\$aY$d20111010
=FMT  \\$a  BK
=LAS  \\$aBATCH-ETHO$b00$c20140502$lBLL01$h0138
=SRC  \\$aEThOS$bethos_marc_111007.mrc
=STA  \\$aSUPPRESSED$bEThOS can't supply or embargoed

