=LDR  03629 am a22004817a 4500
=001  015917429
=003  Uk
=005  20111010153427.0
=006  m\\\\\\\\d\\\\\\\\
=007  cr\|||||||||||
=008  111010s2008\\\\xxk\\\\\sbm\\\000\0\eng\\
=040  \\$aUk$beng$cUk$dUk
=082  04$a612$223
=100  1\$aKadiAllah, Abdelhamid.
=245  10$aGeneralisation in Human Motor Learning$h[electronic resource] :$bExperimental and Modelling Studies.
=260  \\$bImperial College, London,$c2008.
=300  \\$ap. :$bdigital, PDF file.
=336  \\$atext$2rdacontent
=337  \\$acomputer$2rdamedia
=338  \\$aonline resource$2rdacarrier
=502  \\$aThesis (Ph.D.)--Imperial College London, 2008.
=504  \\$aIncludes bibliographical references.
=520  3\$aHumans can interact with their environment by tuning the properties of the musculoskeletal system to control force and impedance at the contact points with the environment. Many activities that require the use of tools, such as handling a screwdriver or chisel, involve an unstable interaction with the environment. This instability will amplify any disturbance or noise and cause unpredictable motion. For example, when chiselling a piece of rough wood, motor noise or involuntary movements can make the hand slip out of the desired track. When a single reaching movement is repeated in unstable dynamics, the central nervous system (CNS) learns to compensate for the instability by coordinating muscle in an appropriate way. However, it is still unclear how humans can learn to perform unstable tasks in various directions. Do they co-contract in an isotropic way to ensure good performance in all directions, or do they learn direction specific impedance? And what are the underlying processes of this adaptation?This thesis addresses those questions through psychophysical experiments in which arm movements were investigated as subjects interacted with computer controlled dynamics produced by a robotic interface, as well as by developing computational models of human motor learning. Observations of learning unstable dynamics simultaneously in two different directions show that the CNS is able to compensate for the instability specifically for each direction, by adapting impedance optimally to the environment. A computational model was developed to simulate human reaching movements in stable and unstable dynamics in various directions of the workspace. The model learns feedforward muscle tension by minimising movement error in muscle space and energy. The computer model is a useful tool to predict and investigate (generalisation in) motor learning. It can predict the results of our experiment as well as many motor learning observations in past experiments.
=538  \\$aMode of access: World Wide Web.
=710  2\$aImperial College, London.
=852  4\$aBritish Library$bDSC$cDRT$j506426
=856  40$uhttp://hdl.handle.net/10044/1/4385
=859  \\$aXLD$bEThOS
=CAT  \\$aETHOSBKLG$b00$c20111010$lBLL01$h1534
=CAT  \\$aETHOSBKLG$c20111010$lBLL01$h1607
=CAT  \\$aETHOSBKLG$c20111010$lBLL01$h1630
=CAT  \\$aBATCH$b00$c20111010$lBLL01$h1820
=CAT  \\$aBATCH-UPD$b00$c20121030$lBLL01$h1022
=CAT  \\$aWR13.117$c20130727$lBLL01$h2007
=CAT  \\$aWR13.144/5$c20140418$lBLL01$h1026
=CAT  \\$aBATCH-ETHO$b00$c20140502$lBLL01$h0138
=CAT  \\$aBATCH-ETH8$c20170506$lBLL01$h1040
=DRT  \\$aETHOS
=FIN  \\$aY$d20111010
=FMT  \\$a  BK
=LAS  \\$aBATCH-ETH8$b00$c20170506$lBLL01$h1040
=SRC  \\$aEThOS$bethos_marc_111007.mrc
=STA  \\$aSUPPRESSED$bEThOS can't supply or embargoed

