=LDR  04118 am a22004817a 4500
=001  015917459
=003  Uk
=005  20111010153427.0
=006  m\\\\\\\\d\\\\\\\\
=007  cr\|||||||||||
=008  101031s2008\\\\xxk\\\\\sbm\\\000\0\eng\\
=040  \\$aUk$beng$cUk
=082  04$a591.9857$223
=100  1\$aLi, Qiuxiang.
=245  10$aOrthologous pair transfer and hybrid Bayes methods to predict the protein-protein interaction network of the Anopheles gambiae mosquitoes$h[electronic resource].
=260  \\$bImperial College London,$c2008.
=300  \\$ap. :$bdigital, PDF file.
=336  \\$atext$2rdacontent
=337  \\$acomputer$2rdamedia
=338  \\$aonline resource$2rdacarrier
=502  \\$aThesis (Ph.D.)--Imperial College London, 2008.
=504  \\$aIncludes bibliographical references.
=520  3\$aBased on the published protein-protein interaction maps of five organisms and other public databases for domain-domain and protein-protein interactions, two new approaches are proposed to infer the protein-protein interaction network of the Anopheles gambiae (A. gambiae) mosquitoes. Our main contributions are: i) Adopted an orthologous protein pair transfer method that has so far not been seen in literature; ii) Proposed a new hybrid Bayes method; iii) Used voting machines at two levels of the combined classifier/predictor; iv) Used heterogeneous datasets as the training data; v) And finally, used the trained classifier to predict the protein interactions maps for A. gambiae, arguably one of a few least known organisms in terms of protein interaction mechanism. With the first method, the orthologous and in-paralogous protein clusters are extracted for both species. The relations between two peer-to-peer proteins in the two species are identified so that the interactions in the D. melanogaster protein interaction maps are transferred to pairs of interacting proteins in A. gambiae. The second strategy, namely the hybrid Bayes, is based on the domain composition of proteins, with which we utilize a probability model to build virtual domain-domain maps by integrating large-scale protein interaction data from five organisms, namely Saccharomyces cerevisiae, Caenorhabditis elegans, Escherichia coli, Mus musculus and Drosophila melanogaster. For the hybrid Bayes method, once the virtual domain-domain interaction maps are constructed, we propose two ways to predict the protein-protein interaction maps. These two methods are compared and then combined to form a voting machine to collectively decide a protein-pair's candidacy. The users could adjust the weights for different methods to flexibly control the output. Parameters are chosen through running different experiments on the training data set. While both the orthologous cluster and hybrid Bayes methods produce encouraging results the second one predicts more protein-protein interaction than the first. Yet these two data sets share a very small fraction of common interactions. We adopt a second voting machine and calibrate the parameters with the putative protein interaction data. Those parameters for the voting machine are used to predict the protein-protein interaction maps of the A. gambiae and produces reasonably good results.
=536  \\$aSponsored by: ORS scholarship
=538  \\$aMode of access: World Wide Web.
=710  2\$aImperial College, London.
=852  4\$aBritish Library$bDSC$cDRT$j506458
=856  40$uhttp://hdl.handle.net/10044/1/4635
=859  \\$aXLD$bEThOS
=CAT  \\$aETHOSBKLG$b00$c20111010$lBLL01$h1534
=CAT  \\$aETHOSBKLG$c20111010$lBLL01$h1607
=CAT  \\$aETHOSBKLG$c20111010$lBLL01$h1630
=CAT  \\$aBATCH$b00$c20111010$lBLL01$h1820
=CAT  \\$aBATCH-UPD$b00$c20121030$lBLL01$h1022
=CAT  \\$aWR13.117$c20130727$lBLL01$h2007
=CAT  \\$aWR13.144/5$c20140418$lBLL01$h1026
=CAT  \\$aBATCH-ETHO$b00$c20140502$lBLL01$h0138
=DRT  \\$aETHOS
=FIN  \\$aY$d20111010
=FMT  \\$a  BK
=LAS  \\$aBATCH-ETHO$b00$c20140502$lBLL01$h0138
=SRC  \\$aEThOS$bethos_marc_111007.mrc
=STA  \\$aSUPPRESSED$bEThOS can't supply or embargoed

