=LDR  03714 am a22004697a 4500
=001  015917462
=003  Uk
=005  20111010153427.0
=006  m\\\\|\\\d\|\\\\\\
=007  cr||||||||||||
=008  100407s2009\\\\enk\\\\\sbm\\\000\0\eng\\
=040  \\$aUk$beng$cUk
=082  04$a579.2$223
=100  1\$aButtigieg, Karen Rachel.
=245  10$aIdentification of a molecular determinant of fowlpox virus resistance to Avian Type I interferon$h[electronic resource] /$cKaren Rachel Buttigieg.
=260  \\$aLondon :$bImperial College London,$c2009.
=300  \\$a252 p. :$bdigital, PDF file.
=336  \\$atext$2rdacontent
=337  \\$acomputer$2rdamedia
=338  \\$aonline resource$2rdacarrier
=502  \\$aThesis (Ph.D.)--Imperial College London, 2009.
=504  \\$aIncludes bibliographical references.
=520  3\$aType I interferon is a cytokine induced upon virus infection that generates an antiviral state in neighbouring cells. Historically, research into avian interferon has lagged behind that into the mammalian system and hence reagents and assays are poorly developed. The avipoxvirus Fowlpox virus is naturally host restricted to avian cells. Modified Vaccinia virus Ankara (MVA) is an attenuated Vaccinia virus derived by serial passage in chicken embryonic fibroblasts (CEF), so that it too is now host restricted. In CEF pretreated with chicken interferon (ChIFN), plaque formation by Fowlpox virus (FP9 strain) was approximately 500-times less inhibited than MVA. A lack of bioinformatic clues within the FP9 genome sequence justified a broad-scale screen to identify any molecular determinants that contributed to this interferon resistance. The 266 kbp FP9 genome was divided into 61 overlapping fragments, each approximately 8 kbp long, to include each unique open reading frame (ORF) intact in at least one fragment. Splice-overlap-extension PCR protocols were optimised to assemble each genomic fragment with a guanine phosphoribosyl transferase (GPT) gene under the control of a poxvirus promoter, between two MVA flanks. These linear constructs were transfected into cells co-infected with MVA, for homologous recombination to insert the FP9 fragment and GPT cassette into the MVA genome. GPT-positive virus was enriched by culture with mycophenolic acid. In total, 65 recombinant viruses were recovered, representing 85% of the FP9 ORFs. Fourteen fragments were independently duplicated to control for mutations that may have been introduced during PCR. Recombinant viruses were screened for an increased ability to plaque in ChIFN-treated cells identifying 2 FP9 fragments, Fowlpox Interferon Resistance locus (FIR) 1 and FIR2. Further recombinant MVA viruses each containing a single gene from FIR1 were constructed and assessed for interferon resistance using the same techniques, identifying FP9.014 as contributing to FP9 ChIFN resistance.
=538  \\$aMode of access: World Wide Web.
=710  2\$aImperial College, London.
=852  4\$aBritish Library$bDSC$cDRT$j506461
=856  40$uhttp://hdl.handle.net/10044/1/4415
=859  \\$aXLD$bEThOS
=CAT  \\$aETHOSBKLG$b00$c20111010$lBLL01$h1534
=CAT  \\$aETHOSBKLG$c20111010$lBLL01$h1607
=CAT  \\$aETHOSBKLG$c20111010$lBLL01$h1630
=CAT  \\$aBATCH$b00$c20111010$lBLL01$h1820
=CAT  \\$aBATCH-UPD$b00$c20121030$lBLL01$h1022
=CAT  \\$aWR13.117$c20130727$lBLL01$h2007
=CAT  \\$aWR13.144/5$c20140418$lBLL01$h1026
=CAT  \\$aBATCH-ETHO$b00$c20140502$lBLL01$h0138
=DRT  \\$aETHOS
=FIN  \\$aY$d20111010
=FMT  \\$a  BK
=LAS  \\$aBATCH-ETHO$b00$c20140502$lBLL01$h0138
=SRC  \\$aEThOS$bethos_marc_111007.mrc
=STA  \\$aSUPPRESSED$bEThOS can't supply or embargoed

