=LDR  02941 am a22004937a 4500
=001  015917463
=003  Uk
=005  20111010153427.0
=006  m\\\\\\\\d\\\\\\\\
=007  cr\|||||||||||
=008  111010s2008\\\\xxk\\\\\sbm\\\000\0\eng\\
=040  \\$aUk$beng$cUk$dUk
=082  04$a520$223
=100  1\$aWang, Lingyu.
=245  10$aLarge-scale structures from infrared surveys$h[electronic resource].
=260  \\$bImperial College, London,$c2008.
=300  \\$ap. :$bdigital, PDF file.
=336  \\$atext$2rdacontent
=337  \\$acomputer$2rdamedia
=338  \\$aonline resource$2rdacarrier
=502  \\$aThesis (Ph.D.)--Imperial College London, 2008.
=504  \\$aIncludes bibliographical references.
=520  3\$aTo use the AKARI All-Sky Survey Point Source Catalogue as a validation sample for future missions such as Planck and to study large-scale structure, we first investigate the AKARI point source detection limit at 90 μm and the nature of bright spurious sources. Due to the degradation of the sensitivity of the AKARI All-Sky Survey and formidable difficulties in filtering out excessive noise, we return to the IRAS Faint Source Catalog to construct a redshift catalogue of over 60,000 galaxies selected at 60 μm, the Imperial IRAS-FSC Redshift Catalogue (IIFSCz). Around 50% of the sources in the IIFSCz have spectroscopic redshifts and a further 20% have photometric redshifts. The luminosity and selection functions are obtained for the IIFSCz flux-limited at 0.36 Jy at 60 μm. The dependence of galaxy clustering on spectral type and luminosity is studied using correlation statistics. A possible detection of the baryon acoustic oscillations in the power spectrum of the flux-limited sample of the IIFSCz is discussed. Finally, we present future research directions which include the FIR-radio correlation, ultraluminous and hyperluminous infrared galaxies, galaxy bias in the SWIRE Photometric Redshift Catalogue and convergence of the cosmological dipole.
=536  \\$aSponsored by: Dorothy Hodgkin Postgraduate Award
=538  \\$aMode of access: World Wide Web.
=710  2\$aImperial College, London.
=852  4\$aBritish Library$bDSC$cDRT$j506462
=856  40$uhttp://hdl.handle.net/10044/1/4410
=859  \\$aXLD$bEThOS
=CAT  \\$aETHOSBKLG$b00$c20111010$lBLL01$h1534
=CAT  \\$aETHOSBKLG$c20111010$lBLL01$h1607
=CAT  \\$aETHOSBKLG$c20111010$lBLL01$h1630
=CAT  \\$aBATCH$b00$c20111010$lBLL01$h1820
=CAT  \\$aBATCH-UPD$b00$c20121030$lBLL01$h1022
=CAT  \\$aWR13.117$c20130727$lBLL01$h2007
=CAT  \\$aWR13.144/5$c20140418$lBLL01$h1026
=CAT  \\$aBATCH-ETHO$b00$c20140502$lBLL01$h0138
=CAT  \\$aBATCH-ETH8$c20170506$lBLL01$h1040
=DRT  \\$aETHOS
=FIN  \\$aY$d20111010
=FMT  \\$a  BK
=LAS  \\$aBATCH-ETH8$b00$c20170506$lBLL01$h1040
=SRC  \\$aEThOS$bethos_marc_111007.mrc
=STA  \\$aSUPPRESSED$bEThOS can't supply or embargoed

