=LDR  03791 am a22004817a 4500
=001  015917464
=003  Uk
=005  20111010153427.0
=006  m\\\\\\\\d\\\\\\\\
=007  cr\|||||||||||
=008  111010s2008\\\\xxk\\\\\sbm\\\000\0\eng\\
=040  \\$aUk$beng$cUk$dUk
=082  04$a530.412$223
=100  1\$aMagnus, Fridrik.
=245  10$aElectrical transport in hybrid spintronic structures$h[electronic resource].
=260  \\$bImperial College, London,$c2008.
=300  \\$ap. :$bdigital, PDF file.
=336  \\$atext$2rdacontent
=337  \\$acomputer$2rdamedia
=338  \\$aonline resource$2rdacarrier
=502  \\$aThesis (Ph.D.)--Imperial College London, 2008.
=504  \\$aIncludes bibliographical references.
=520  3\$aInjection and detection of spin polarised current in a metal/semiconductor deviceand the measurement of the degree of injected spin polarisation are two key issuesin the development of hybrid spintronics. This thesis touches on both themes asit details the development of planar Andreev spectroscopy as a tool to measureinjected spin and the electrical characterisation of MgO tunnel barriers for efficientspin injection and detection. Point contact Andreev reflection spectroscopy has been widely used tomeasuretransport spin polarisation in magnetic materials. Planar Andreev structures havean advantage over point contacts as they offer greater control over interface qualityand the possibility of spatially resolved information about the spin polarisationusing nanojunction arrays. We find that planar junctions compare favourably topoint contacts in that they can yield low interface barriers and minimal nonthermalsmearing. We show that a low interface barrier is critical for accurate detectionof spin polarisation, particularly in semiconductorswhere large Fermi velocitymismatchcontributes to the barrier. Furthermore, the fabrication method strongly affectsall parameter values. For Pb/InAs planar junctions we demonstrate that themost feasible way to obtain interfaces suitable for spin detection is an ?etch-back?processing strategy. The processing routes are shown to be scalable to nanoarrayfabrication to allow measurement of spin accumulation. We also examine the electrical properties of ultrathin MgO barriers grown onInAs epilayers and the dependence of barrier characteristics on InAs surface pretreatmentand growth conditions. Chemical pretreatment improves the yield oftunnel junctions and changes the roughness of the interface between the oxide andthe semiconductor. Electrical characterisation confirms that tunnel barriers withappropriate values of interface resistance for efficient spin injection/detection havebeen achieved. Using the Rowell criteria and various tunnelling models we showthat single step tunnelling occurs above 150 K and a thermal smearing model suggeststhat tunnelling is the dominant transport process down to 10 K.
=538  \\$aMode of access: World Wide Web.
=710  2\$aImperial College, London.
=852  4\$aBritish Library$bDSC$cDRT$j506463
=856  40$uhttp://hdl.handle.net/10044/1/4411
=859  \\$aXLD$bEThOS
=CAT  \\$aETHOSBKLG$b00$c20111010$lBLL01$h1534
=CAT  \\$aETHOSBKLG$c20111010$lBLL01$h1607
=CAT  \\$aETHOSBKLG$c20111010$lBLL01$h1630
=CAT  \\$aBATCH$b00$c20111010$lBLL01$h1820
=CAT  \\$aBATCH-UPD$b00$c20121030$lBLL01$h1022
=CAT  \\$aWR13.117$c20130727$lBLL01$h2007
=CAT  \\$aWR13.144/5$c20140418$lBLL01$h1026
=CAT  \\$aBATCH-ETHO$b00$c20140502$lBLL01$h0138
=CAT  \\$aBATCH-ETH8$c20170506$lBLL01$h1040
=DRT  \\$aETHOS
=FIN  \\$aY$d20111010
=FMT  \\$a  BK
=LAS  \\$aBATCH-ETH8$b00$c20170506$lBLL01$h1040
=SRC  \\$aEThOS$bethos_marc_111007.mrc
=STA  \\$aSUPPRESSED$bEThOS can't supply or embargoed

