=LDR  04025 am a22004697a 4500
=001  015917465
=003  Uk
=005  20111010153427.0
=006  m\\\\\\\\d\\\\\\\\
=007  cr\|||||||||||
=008  101031s2008\\\\xxk\\\\\sbm\\\000\0\eng\\
=040  \\$aUk$beng$cUk
=082  04$a616.2$223
=100  1\$aSlater, Louise.
=245  10$aRegulation of human rhinovirus induced type I interferon-β, type III interferon-λ and pro-inflammatory cytokine gene expression in normal human bronchial epithelial cells$h[electronic resource].
=260  \\$bImperial College London,$c2008.
=300  \\$a278 p. :$bdigital, PDF file.
=336  \\$atext$2rdacontent
=337  \\$acomputer$2rdamedia
=338  \\$aonline resource$2rdacarrier
=502  \\$aThesis (Ph.D.)--Imperial College London, 2008.
=504  \\$aIncludes bibliographical references.
=520  3\$aAsthma is an economically important disease, with exacerbations causing significant morbidity and morality. Viral infections cause ~80% of asthma exacerbations; the majority of which are attributed to rhinovirus infection. How rhinovirus infection leads to an acute asthma exacerbation is incompletely understood. The up-regulation of proinflammatory cytokines/chemokines from rhinovirus infected bronchial epithelial cells and an impaired ability of rhinovirus infected asthmatic bronchial epithelial cells to produce type I interferon-β and type III interferon-λs, are believed to contribute. This study aimed to investigate differences in the signalling requirements of rhinovirus induced pro-inflammatory cytokines/chemokines from those of IFN-β/IFN-λ. The viral pattern recognition receptors, signalling intermediates and transcription factors required by rhinovirus to induce pro-inflammatory cytokine/chemokine and IFN-β/IFN-λ expression were explored using short interfering RNA, constitutive activation/overexpression of signalling molecules and IFN-β promoter reporter mapping experiments. The viral pattern recognition receptors RIG-I, MDA5 and TLR3 were required for rhinovirus-induced pro-inflammatory cytokines IL-8/CXCL8, ENA-78/CXCL5, IL-6 RANTES/CCL5, IP-10/CXCL10 and IFN-β expression. Only MDA5 and TLR3 are required for rhinovirus-induced IFN-λ expression. Whilst having common signalling intermediates, the adaptor protein TRAF6, the kinases JNK2 and PI3Kα and the transcription factor NF-κB p65 were not required for rhinovirus-induced IFN-β/λ expression, but were required for rhinovirus induction of some/all of the proinflammatory cytokines measured. IRF3 was the only transcription factor identified to be commonly required for rhinovirus-induced expression of IFN-β and IFN-λs. These findings support the hypothesis that the induction of IFN-β/λ and pro-inflammatory cytokines/chemokines, by rhinovirus, requires one or more distinct signalling molecules, and/or transcription factors. TRAF6, JNK2, PI3Kα and NF-κB p65 are potential novel therapeutic targets for rhinovirus-induced asthma exacerbations, the inhibition of which may suppress the detrimental actions of pro-inflammatory cytokines/chemokines without inhibiting IFN-β/λ production in asthmatic bronchial epithelial cells.
=538  \\$aMode of access: World Wide Web.
=710  2\$aImperial College, London.
=852  4\$aBritish Library$bDSC$cDRT$j506464
=856  40$uhttp://hdl.handle.net/10044/1/4404
=859  \\$aXLD$bEThOS
=CAT  \\$aETHOSBKLG$b00$c20111010$lBLL01$h1534
=CAT  \\$aETHOSBKLG$c20111010$lBLL01$h1607
=CAT  \\$aETHOSBKLG$c20111010$lBLL01$h1630
=CAT  \\$aBATCH$b00$c20111010$lBLL01$h1820
=CAT  \\$aBATCH-UPD$b00$c20121030$lBLL01$h1022
=CAT  \\$aWR13.117$c20130727$lBLL01$h2007
=CAT  \\$aWR13.144/5$c20140418$lBLL01$h1026
=CAT  \\$aBATCH-ETHO$b00$c20140502$lBLL01$h0138
=DRT  \\$aETHOS
=FIN  \\$aY$d20111010
=FMT  \\$a  BK
=LAS  \\$aBATCH-ETHO$b00$c20140502$lBLL01$h0138
=SRC  \\$aEThOS$bethos_marc_111007.mrc
=STA  \\$aSUPPRESSED$bEThOS can't supply or embargoed

