=LDR  04313 am a22004937a 4500
=001  015917470
=003  Uk
=005  20111010153427.0
=006  m\\\\\\\\d\\\\\\\\
=007  cr\|||||||||||
=008  111010s2009\\\\xxk\\\\\sbm\\\000\0\eng\\
=040  \\$aUk$beng$cUk
=082  04$a547.5$223
=100  1\$aSwarbrick, Joanna.
=245  10$aC-Alkyl inositol phosphates for use in receptor-ligand engineering$h[electronic resource].
=260  \\$bImperial College London (University of London),$c2009.
=300  \\$ap. :$bdigital, PDF file.
=336  \\$atext$2rdacontent
=337  \\$acomputer$2rdamedia
=338  \\$aonline resource$2rdacarrier
=502  \\$aThesis (Ph.D.)--Imperial College, London, 2009.
=504  \\$aIncludes bibliographical references.
=520  3\$aThe phosphatidylinositol phosphates (PIPns) and inositol phosphates (IPns) are intricately involved in cell signalling. They bind to a vast array of proteins, which results in a host of physiological responses. Therefore it is difficult to determine the precise downstream effects of an individual protein-phosphoinositide interaction. Perturbations of these networks occur in pathological conditions such as cancer and diabetes increasing the need to understand these systems. Receptor-Ligand Engineering (RLE) may provide the tools to map these interactions. Chemical modification of the small PIPn or IPn ligand and complementary mutation of binding site amino acids is used to create a unique protein-ligand binding pair. Once the modified protein is engineered into the cell line, the dose dependent effects of its stimulation with the complementary ligand can be studied in isolation from signal pathway cross-talk. Phosphatidylinositol 4,5-diphosphate [PtdIns(4,5)P2 / PIP2] and phosphatidylinositol 3,4,5-triphosphate [PtdIns(3,4,5)P3 / PIP3] analogues with C-alkyl groups replacing the axial inositol C-Hprotons would be suitable ligands for RLE. To date, no such analogues are known in the literature. The key challenges in preparation of such compounds are selective protection and deprotection of the myo-inositol hydroxyls, introduction of new inositol C-substituents with retention of myostereochemistry,and phosphorylation of an unnatural tertiary centre. 4-C-Alkyl IP3 and 4-C-alkyl IP4 analogues were chosen as targets to explore the chemical limitations of analogue synthesis. Orthoesters simultaneously tied up the 1-, 3- and 5-O differentiating between the remaining three hydroxyls in a rigid structure. Oxidation of the isolated 4-OH to the inos-4-ose and selective reintroduction of the myo-geometry by addition of dimethylsulfoxonium methylide generated the key exo-methylene oxide intermediate. Lithium alkyl cyanocuprates were employed to open the exo-methylene oxide introducing primary, -secondary, and -tertiary alkyl and aryl protrusions. 4-C-Alkyl triols were prepared by regiocontrolled DIBAL-H reduction of the orthobenzoate to a benzyl ether, directed by the 4-C-alkyl protrusion. The corresponding 4-C-alkyltetrols were obtained by acidic hydrolysis of the orthobenzoate and cleavage of the resultant benzoate ester. All polyols were then phosphorylated and globally deprotected to generate the final series of 4-C-alkyl IP3 and IP4 analogues. Some initial investigations were also performed to extend this methodology to prepare 4-and 5-C-alkyl derivatives from a common precursor.
=536  \\$aSponsored by: EPSRC
=538  \\$aMode of access: World Wide Web.
=710  2\$aImperial College, London.
=852  4\$aBritish Library$bDSC$cDRT$j506471
=856  40$uhttp://hdl.handle.net/10044/1/4418
=859  \\$aXLD$bEThOS
=CAT  \\$aETHOSBKLG$b00$c20111010$lBLL01$h1534
=CAT  \\$aETHOSBKLG$c20111010$lBLL01$h1607
=CAT  \\$aETHOSBKLG$c20111010$lBLL01$h1630
=CAT  \\$aBATCH$b00$c20111010$lBLL01$h1820
=CAT  \\$aBATCH-UPD$b00$c20121030$lBLL01$h1022
=CAT  \\$aWR13.117$c20130727$lBLL01$h2007
=CAT  \\$aWR13.144/5$c20140418$lBLL01$h1026
=CAT  \\$aBATCH-ETHO$b00$c20140502$lBLL01$h0138
=CAT  \\$aBATCH-ETH8$c20170506$lBLL01$h1040
=DRT  \\$aETHOS
=FIN  \\$aY$d20111010
=FMT  \\$a  BK
=LAS  \\$aBATCH-ETH8$b00$c20170506$lBLL01$h1040
=SRC  \\$aEThOS$bethos_marc_111007.mrc
=STA  \\$aSUPPRESSED$bEThOS can't supply or embargoed

