=LDR  03608 am a22004817a 4500
=001  015917473
=003  Uk
=005  20111010153427.0
=006  m\\\\\\\\d\\\\\\\\
=007  cr\|||||||||||
=008  111010s2008\\\\xxk\\\\\sbm\\\000\0\eng\\
=040  \\$aUk$beng$cUk$dUk
=082  04$a668.9$223
=100  1\$aPatel, Yatish.
=245  14$aThe Machining of Polymers$h[electronic resource].
=260  \\$bImperial College, London,$c2008.
=300  \\$ap. :$bdigital, PDF file.
=336  \\$atext$2rdacontent
=337  \\$acomputer$2rdamedia
=338  \\$aonline resource$2rdacarrier
=502  \\$aThesis (Ph.D.)--Imperial College London, 2008.
=504  \\$aIncludes bibliographical references.
=520  3\$aMachining is a non-linear process and involves the consideration of variables such as inelasticdeformation, high temperatures and contact conditions. This thesis focuses on investigating thecontact conditions between cutting tools and polymeric materials during orthogonal cutting. Atest rig has been developed to allow cuts to be taken from a rectangular workpiece, such that therake angle (the angle of inclination of the tool surface) can be varied. In this work the rake angle was varied from -20o to 30o, and the cutting was performed at ratesof 0.01ms-1 and 0.1ms-1 on PMMA, nylon 4/6 and nylon 6/12. As part of a round robininvestigation, tests were also performed on HIPS, ABS and LLDPE.The experimental method developed required the measurement of forces in two directions (thedirection of cutting, Fc and transverse to the direction of cutting, Ft). The rig allowed for thecareful control of the depth of cut, h. After each cut, the thickness of the off-cut chip hc wasalso measured. A series of cuts were taken at depths varying between the range of 0.02mm to 0.25mm and theforces were measured. A cutting theory has been applied to the experimental data to determinethe fracture toughness Gc, and the yield stress ?Y of the material. The Coulomb friction ? andan adhesion term, Ga representing sticking at the tool-chip interface, were also deduced. Independent fracture mechanics tests were performed at a range of temperatures and rates on thedifferent polymers. Tensile tests were also performed, to compare standard values to thematerial parameters determined in cutting. The values of Gc and ?Y deduced were independentof the rake angle however, ? and Ga were not. The calculated values of Gc were typicallywithin 5% of the standard values however, ?Y was found to be up to 5 times higher. Theexistence of work hardening is believed to be the cause of these elevated values. The cutting analysis was also applied to some previously published metal cutting data andproduced constant values of Gc.
=538  \\$aMode of access: World Wide Web.
=710  2\$aImperial College, London.
=852  4\$aBritish Library$bDSC$cDRT$j506474
=856  40$uhttp://hdl.handle.net/10044/1/4435
=859  \\$aXLD$bEThOS
=CAT  \\$aETHOSBKLG$b00$c20111010$lBLL01$h1534
=CAT  \\$aETHOSBKLG$c20111010$lBLL01$h1607
=CAT  \\$aETHOSBKLG$c20111010$lBLL01$h1630
=CAT  \\$aBATCH$b00$c20111010$lBLL01$h1820
=CAT  \\$aBATCH-UPD$b00$c20121030$lBLL01$h1022
=CAT  \\$aWR13.117$c20130727$lBLL01$h2007
=CAT  \\$aWR13.144/5$c20140418$lBLL01$h1026
=CAT  \\$aBATCH-ETHO$b00$c20140502$lBLL01$h0138
=CAT  \\$aBATCH-ETH8$c20170506$lBLL01$h1040
=DRT  \\$aETHOS
=FIN  \\$aY$d20111010
=FMT  \\$a  BK
=LAS  \\$aBATCH-ETH8$b00$c20170506$lBLL01$h1040
=SRC  \\$aEThOS$bethos_marc_111007.mrc
=STA  \\$aSUPPRESSED$bEThOS can't supply or embargoed

