=LDR  05117 am a22004817a 4500
=001  015917475
=003  Uk
=005  20111010153427.0
=006  m\\\\\\\\d\\\\\\\\
=007  cr\|||||||||||
=008  111010s2008\\\\xxk\\\\\sbm\\\000\0\eng\\
=040  \\$aUk$beng$cUk$dUk
=082  04$a550$223
=100  1\$aGuises, Romain.
=245  10$aNumerical Simulation and Characterisation of the Packing of Granular Materials$h[electronic resource].
=260  \\$bImperial College, London,$c2008.
=300  \\$ap. :$bdigital, PDF file.
=336  \\$atext$2rdacontent
=337  \\$acomputer$2rdamedia
=338  \\$aonline resource$2rdacarrier
=502  \\$aThesis (Ph.D.)--Imperial College London, 2008.
=504  \\$aIncludes bibliographical references.
=520  3\$aThe scientific problems related to granular matter are ubiquitous. It is currently anactive area of research for physicists and earth scientists, with a wide range of applicationswithin the industrial community. Simple analogue experiments exhibit behaviour that isneither predicted nor described by any current theory. The work presented here consistsof modelling granular media using a two-dimensional combined Finite-Discrete ElementMethod (FEM-DEM). While computationally expensive, as well as modelling accuratelythe dynamic interactions between independent and arbitrarily shaped grains, this methodallows for a complete description of the stress state within individual grains during theirtransient motion. After a detailed description of FEM-DEM principles, this computational approach isused to investigate the packing of elliptical particles. The work is aimed at understandingthe influence of the particle shape (the ellipse aspect ratio) on the emergent properties ofthe granular matrix such as the particle coordination number and the packing density. Thediff erences in microstructure of the resultant packing are analysed using pair correlationfunctions, particle orientations and pore size distributions. A comparison between frictionaland frictionless systems is carried out. It shows great diff erences not only in the calculatedporosity and coordination number, but also in terms of structural arrangement and stressdistribution. The results suggest that the particle s shape a ffects the structural order of theparticle assemblage, which itself controls the stress distribution between the pseudo-staticgrains. The study then focuses on describing the stress patterns or \force chains" naturallygenerated in a frictional system. An algorithm based on the analysis of the contactforce network is proposed and applied to various packs in order to identify the forcechains. A statistical analysis of the force chains looking at their orientation, length andproportion of the particles that support the loads is then performed. It is observedthat force chains propagate less efficiently and more heterogeneously through granularsystems made of elliptical particles than through systems of discs and it is proposedthat structural diff erences due to the particle shape lead to a signifi cant reduction in the length of the stress path that propagates across connected particles. Finally, the e ffectof compression on the granular packing, the emergent properties and the contact forcedistribution is examined. Results show that the force network evolves towards a morerandomly distributed system (from an exponential to a Gaussian distribution), and itconfi rms the observations made from simulations using discs. To conclude, the combined finite-discrete element method applied to the study ofgranular systems provides an attractive modelling strategy to improve the knowledge ofgranular matter. This is due to the wide range of static and dynamic problems that can betreated with a rigorous physical basis. The applicability of the method was demonstratedthrough to a variety of problems that involve di fferent physical processes modelled withthe FEM-DEM (internal deformations, fracture, and complex geometry). With the rapidextension of the practical limits of computational models, this work emphasizes theopportunity to move towards a modern generation of computer software to understandthe complexity of the phenomena associated with discontinua.
=538  \\$aMode of access: World Wide Web.
=710  2\$aImperial College, London.
=852  4\$aBritish Library$bDSC$cDRT$j506476
=856  40$uhttp://hdl.handle.net/10044/1/4434
=859  \\$aXLD$bEThOS
=CAT  \\$aETHOSBKLG$b00$c20111010$lBLL01$h1534
=CAT  \\$aETHOSBKLG$c20111010$lBLL01$h1607
=CAT  \\$aETHOSBKLG$c20111010$lBLL01$h1630
=CAT  \\$aBATCH$b00$c20111010$lBLL01$h1820
=CAT  \\$aBATCH-UPD$b00$c20121030$lBLL01$h1022
=CAT  \\$aWR13.117$c20130727$lBLL01$h2007
=CAT  \\$aWR13.144/5$c20140418$lBLL01$h1026
=CAT  \\$aBATCH-ETHO$b00$c20140502$lBLL01$h0138
=CAT  \\$aBATCH-ETH8$c20170506$lBLL01$h1040
=DRT  \\$aETHOS
=FIN  \\$aY$d20111010
=FMT  \\$a  BK
=LAS  \\$aBATCH-ETH8$b00$c20170506$lBLL01$h1040
=SRC  \\$aEThOS$bethos_marc_111007.mrc
=STA  \\$aSUPPRESSED$bEThOS can't supply or embargoed

