=LDR  03765 am a22004697a 4500
=001  015917477
=003  Uk
=005  20111010153427.0
=006  m\\\\|\\\d\|\\\\\\
=007  cr||||||||||||
=008  100407s2009\\\\enk\\\\\sbm\\\000\0\eng\\
=040  \\$aUk$beng$cUk
=082  04$a616.079$223
=100  1\$aCrawford, Rebecca.
=245  14$aThe role of BRF1 and BRF2 in the immune response$h[electronic resource] /$cRebecca Crawford.
=260  \\$aLondon :$bImperial College London,$c2009.
=300  \\$a305 p. :$bdigital, PDF file.
=336  \\$atext$2rdacontent
=337  \\$acomputer$2rdamedia
=338  \\$aonline resource$2rdacarrier
=502  \\$aThesis (Ph.D.)--Imperial College London, 2009.
=504  \\$aIncludes bibliographical references.
=520  3\$aTristetraprolin (TTP), butyrate response factor 1 (BRF1) and butyrate response factor 2 (BRF2) are members of a family of zinc finger containing ARE binding proteins known as the Zfp36 family. They all possess a conserved tandem zinc finger domain, which facilitates their binding to mRNAs that contain adenosine/uridine rich elements (ARE) in their 3' untranslated region (3'UTR). Binding to the target mRNA results in its destabilisation. Several mRNAs containing an ARE in their 3'UTR are stabilised by the mitogen activated protein kinase (MAPK) p38 pathway. Both the expression and the mRNA destabilising function of TTP are controlled by the p38 MAPK pathway. Much less is known about BRF1 and BRF2 functions, and it is not clear whether their expression or function is regulated by the p38 MAPK pathway. So far no difference has been seen in the binding specificities of the three proteins in vitro, however the phenotypes of knockout mice suggest that they have distinct functions, and may have different mRNA targets in vivo. Western blotting and quantitative PCR (qPCR) have been used to investigate the expression of members of the Zfp36 family. RNA interference was used to knock down the expression of BRF1 and BRF2 in HeLa cells, and the effects on p38-regulated inflammatory mediator expression were examined. BRF1-/- mouse embryonic fibroblast (MEF) cell lines were used to investigate the function of this family member. No evidence that BRF1 or BRF2 contributes to the post-transcriptional regulation of inflammatory mediators by the p38 MAPK pathway in HeLa cells or MEFs was found. BRF1 null MEFs over-expressed IL-6, protein, IL-6 mRNA and Cox-2 mRNA but did not over-express KC protein. The hypothesis that BRF1 is regulating IL-6 and Cox-2 by controlling mRNA stability was disproved. As a result investigation of the transcriptional regulation of these genes was researched. Primary transcript qPCR showed that both IL-6 and Cox-2 undergo more rapid transcription in BRF1-/- MEFs. This suggests that IL-6 and Cox-2 are indirect targets of BRF1 and that their regulation is through a transcription factor which is itself a target of BRF1.
=538  \\$aMode of access: World Wide Web.
=710  2\$aImperial College, London.
=852  4\$aBritish Library$bDSC$cDRT$j506478
=856  40$uhttp://hdl.handle.net/10044/1/4433
=859  \\$aXLD$bEThOS
=CAT  \\$aETHOSBKLG$b00$c20111010$lBLL01$h1534
=CAT  \\$aETHOSBKLG$c20111010$lBLL01$h1607
=CAT  \\$aETHOSBKLG$c20111010$lBLL01$h1630
=CAT  \\$aBATCH$b00$c20111010$lBLL01$h1820
=CAT  \\$aBATCH-UPD$b00$c20121030$lBLL01$h1022
=CAT  \\$aWR13.117$c20130727$lBLL01$h2007
=CAT  \\$aWR13.144/5$c20140418$lBLL01$h1026
=CAT  \\$aBATCH-ETHO$b00$c20140502$lBLL01$h0138
=DRT  \\$aETHOS
=FIN  \\$aY$d20111010
=FMT  \\$a  BK
=LAS  \\$aBATCH-ETHO$b00$c20140502$lBLL01$h0138
=SRC  \\$aEThOS$bethos_marc_111007.mrc
=STA  \\$aSUPPRESSED$bEThOS can't supply or embargoed

