=LDR  03474 am a22004697a 4500
=001  015917478
=003  Uk
=005  20111010153427.0
=006  m\\\\|\\\d\|\\\\\\
=007  cr||||||||||||
=008  100407s2008\\\\enk\\\\\sbm\\\000\0\eng\\
=040  \\$aUk$beng$cUk
=082  04$a611$223
=100  1\$aLiber, Daniel.
=245  10$aMechanisms for establishing transcriptional competence of tissue-specific genes in pluripotent stem cells$h[electronic resource] /$cDaniel Liber.
=260  \\$aLondon :$bImperial College London,$c2008.
=300  \\$ap. :$bdigital, PDF file.
=336  \\$atext$2rdacontent
=337  \\$acomputer$2rdamedia
=338  \\$aonline resource$2rdacarrier
=502  \\$aThesis (Ph.D.)--Imperial College London, 2008.
=504  \\$aIncludes bibliographical references.
=520  3\$aTissue-specific genes have been found to be epigenetically marked in embryonic stem cells by different combination of histone modifications. These marks are believed to prime genes for activation at later stages of development. Previous work has revealed the presence of one such signature on one enhancer of the mouse λ5-VpreB1 locus, which is expressed at the pro- and pre-B cell stage of B lymphocyte development. This element, which has been called Early- Transcriptional Competence Mark (ETCM), is characterised by the presence of tightly localised peaks of histone H3K4 methylation and H3K9 acetylation. However, the ETCM lacks the trimethylation of H3K27 that defines bivalent domains at many tissue-specific genes in ES cells. The results described in this thesis show that that two ES cell transcription factors, Sox2 and Foxd3, bind to the λ5-VpreB1 ETCM in ES cells. Analysis of factor binding to the λ5-VpreB1 locus at the proB cell stage of B-cell development showed that the same sequences are occupied by the B-cell specific factors Sox4 and Foxp1. Chromatin immunoprecipitation and microarray analysis (ChIP-on-Chip) showed that Sox2 and Foxd3 are bound to a number of ETCM-like elements in ES cells, as well as bivalent domains, suggesting that they are involved in the establishment and maintenance of these epigenetic marks in ES cells. Knockdown of Sox2 by siRNA confirmed its involvement in the methylation of H3K4 on these DNA regions. Based on these data, I propose a factor-relay model in which embryonic stem cell transcription factors generate epigenetic signatures at key regulatory elements of tissue-specific genes. During differentiation these proteins are replaced by related factors, which share their DNA-binding profile, and play an important role in activating tissue-specific transcription.
=538  \\$aMode of access: World Wide Web.
=710  2\$aImperial College, London.
=852  4\$aBritish Library$bDSC$cDRT$j506479
=856  40$uhttp://hdl.handle.net/10044/1/4432
=859  \\$aXLD$bEThOS
=CAT  \\$aETHOSBKLG$b00$c20111010$lBLL01$h1534
=CAT  \\$aETHOSBKLG$c20111010$lBLL01$h1607
=CAT  \\$aETHOSBKLG$c20111010$lBLL01$h1630
=CAT  \\$aBATCH$b00$c20111010$lBLL01$h1820
=CAT  \\$aBATCH-UPD$b00$c20121030$lBLL01$h1022
=CAT  \\$aWR13.117$c20130727$lBLL01$h2007
=CAT  \\$aWR13.144/5$c20140418$lBLL01$h1026
=CAT  \\$aBATCH-ETHO$b00$c20140502$lBLL01$h0138
=DRT  \\$aETHOS
=FIN  \\$aY$d20111010
=FMT  \\$a  BK
=LAS  \\$aBATCH-ETHO$b00$c20140502$lBLL01$h0138
=SRC  \\$aEThOS$bethos_marc_111007.mrc
=STA  \\$aSUPPRESSED$bEThOS can't supply or embargoed

