=LDR  03877 am a22004817a 4500
=001  015917479
=003  Uk
=005  20111010153427.0
=006  m\\\\|\\\d\|\\\\\\
=007  cr||||||||||||
=008  100408s2009\\\\enk\\\\\sbm\\\000\0\eng\\
=040  \\$aUk$beng$cUk
=082  04$a616.9$223
=100  1\$aGreen, Justin Anton.
=245  14$aThe role of matrix metalloproteinases in the immunopathology of cerebral tuberculosis$h[electronic resource] /$cJustin Anton Green.
=260  \\$aLondon :$bImperial College London,$c2009.
=300  \\$a225 p. :$bdigital, PDF file.
=336  \\$atext$2rdacontent
=337  \\$acomputer$2rdamedia
=338  \\$aonline resource$2rdacarrier
=502  \\$aThesis (Ph.D.)--Imperial College London, 2009.
=504  \\$aIncludes bibliographical references.
=520  3\$aIntroduction: Central nervous system tuberculosis (CNS TB) has a high mortality. Microglial derived matrix metalloproteinases (MMPs) are implicated in the intense inflammatory response to Mycobacterium tuberculosis (M.tb) as the blood brain barrier is rich in MMP substrates. Methods: In a cellular model of CNS TB human microglial cells were stimulated with M.tb and conditioned media from M.tb infected human monocytes (CoMTb). Gene expression of all 23 MMPs and the 4 tissue inhibitors of MMP (TIMPs) was analysed by real time RT-PCR and secretion by Luminex and Western blotting. MMP gene transcription regulation was studied by luciferase promoter reporter assays and NFkB/AP-1 ELISAs. MAP kinases were studied by Western blotting. Immunohistochemistry of CNS TB biopsies and ELISA analysis of cerebrospinal fluid (CSF) was performed. Results: CoMTb up-regulated expression of MMP-1, -3 and -9, which was suppressed by dexamethasone. In contrast CoMTb did not alter TIMP-1 and reduced TIMP-2, -3 and -4 expression. M.tb up-regulated MMP-1 and -3 secretion. However, CoMTb drove MMP-1 and -3 secretion more potently than M.tb but suppressed MMP-2 secretion. Nuclear NFkB p50-p65 heterodimers and AP-1 cJun/FosB increased in CoMTb stimulated cells, with concomitant degradation of IkBα. Mutation of NFkB and AP-1 sites in the MMP-1 promoter abrogated CoMTb promoter activity. CoMTb drove early p38 and ERK MAP kinase phosphorylation. Chemical inhibition of both NFkB and p38 returned MMP-1 and 3 secretion to control levels but enhanced MMP-2 secretion that was also caspase 8 dependent. MMP/TIMP concentrations in CSF samples from TBM patients were predictive of coma severity and outcome and demonstrated that dexamethasone preferentially suppressed MMP-9. Conclusions: In CNS TB unopposed MMP-1 and -3 expression and secretion are driven by M.tb-infected monocyte networks and regulated by p38, NFkB and AP-1. CSF MMP/TIMP concentrations predict disease severity and offer a mechanism for the beneficial effect of dexamethasone therapy.
=536  \\$aSponsored by: James Maxwell Grant Prophit TB Fellowship (RCP), an MRC Clinical Training Fellowship, the Mason Medical Foundation and the Hammersmith Hospital Special Trustees
=538  \\$aMode of access: World Wide Web.
=710  2\$aImperial College, London.
=852  4\$aBritish Library$bDSC$cDRT$j506480
=856  40$uhttp://hdl.handle.net/10044/1/4640
=859  \\$aXLD$bEThOS
=CAT  \\$aETHOSBKLG$b00$c20111010$lBLL01$h1534
=CAT  \\$aETHOSBKLG$c20111010$lBLL01$h1607
=CAT  \\$aETHOSBKLG$c20111010$lBLL01$h1630
=CAT  \\$aBATCH$b00$c20111010$lBLL01$h1820
=CAT  \\$aBATCH-UPD$b00$c20121030$lBLL01$h1022
=CAT  \\$aWR13.117$c20130727$lBLL01$h2007
=CAT  \\$aWR13.144/5$c20140418$lBLL01$h1026
=CAT  \\$aBATCH-ETHO$b00$c20140502$lBLL01$h0138
=DRT  \\$aETHOS
=FIN  \\$aY$d20111010
=FMT  \\$a  BK
=LAS  \\$aBATCH-ETHO$b00$c20140502$lBLL01$h0138
=SRC  \\$aEThOS$bethos_marc_111007.mrc
=STA  \\$aSUPPRESSED$bEThOS can't supply or embargoed

