=LDR  03527 am a22004697a 4500
=001  015917484
=003  Uk
=005  20111010153427.0
=006  m\\\\|\\\d\|\\\\\\
=007  cr||||||||||||
=008  100407s2009\\\\enk\\\\\sbm\\\000\0\eng\\
=040  \\$aUk$beng$cUk
=082  04$a616.9$223
=100  1\$aCorbett, Anne.
=245  10$aCharacterisation of the interaction between neisseria meningitidis and human polymorphonuclear leukocytes$h[electronic resource] /$cAnne Corbett.
=260  \\$aLondon :$bImperial College London,$c2009.
=300  \\$a231 p. :$bdigital, PDF file.
=336  \\$atext$2rdacontent
=337  \\$acomputer$2rdamedia
=338  \\$aonline resource$2rdacarrier
=502  \\$aThesis (Ph.D.)--Imperial College London, 2009.
=504  \\$aIncludes bibliographical references.
=520  3\$aDuring infection with Neisseria meningitidis, an important causative agent of bacterial meningitis and septicaemia, the host innate immune system clears bacteria by complement-mediated lysis and phagocytosis. In order to evade phagocytosis, the bacterium expresses a number of surface components, including a polysaccharide capsule and sialylated lipopolysaccharide (LPS). The aim of this project was to investigate the influence of bacterial metabolism and DNA repair on the interaction with polymorphonuclear leukocytes (PMNs). Results demonstrated reduced expression of the polysaccharide capsule and lowered LPS sialylation in a strain (ΔlctP) unable to acquire exogenous lactate, but no effect in a strain unable to utilise glutamate (ΔperM). These changes were associated with increased phagocytosis of fixed bacteria by the human PMN cell line, HL60. Further investigations showed that capsule expression in the ΔlctP strain was restored to wild-type levels following exposure of live bacteria to PMNs. Next, assays were established using primary human PMNs to investigate post-phagocytic events. The wild-type meningococcus survives within PMNs and is able to delay host cell apoptosis. Furthermore, the ΔlctP and ΔperM strains were significantly killed by PMNs, indicating a role for acquisition of both lactate and glutamate for survival in PMNs. Killing was dependent on actin polymerisation and the PMN oxidative burst. The role of the meningococcal Base Excision Repair (BER) DNA repair pathway was also investigated through characterisation of two Apurinic/Apyrimidinic (AP) endonuclease paralogues, NExo and NApe. Both exhibit distinct biochemical functions and are required for resistance against oxidative stress. A strain lacking both these enzymes, which is attenuated in vivo, was significantly killed by human PMNs as a result of the oxidative burst.
=538  \\$aMode of access: World Wide Web.
=710  2\$aImperial College, London.
=852  4\$aBritish Library$bDSC$cDRT$j506485
=856  40$uhttp://hdl.handle.net/10044/1/4417
=859  \\$aXLD$bEThOS
=CAT  \\$aETHOSBKLG$b00$c20111010$lBLL01$h1534
=CAT  \\$aETHOSBKLG$c20111010$lBLL01$h1607
=CAT  \\$aETHOSBKLG$c20111010$lBLL01$h1630
=CAT  \\$aBATCH$b00$c20111010$lBLL01$h1820
=CAT  \\$aBATCH-UPD$b00$c20121030$lBLL01$h1022
=CAT  \\$aWR13.117$c20130727$lBLL01$h2007
=CAT  \\$aWR13.144/5$c20140418$lBLL01$h1026
=CAT  \\$aBATCH-ETHO$b00$c20140502$lBLL01$h0138
=DRT  \\$aETHOS
=FIN  \\$aY$d20111010
=FMT  \\$a  BK
=LAS  \\$aBATCH-ETHO$b00$c20140502$lBLL01$h0138
=SRC  \\$aEThOS$bethos_marc_111007.mrc
=STA  \\$aSUPPRESSED$bEThOS can't supply or embargoed

