=LDR  03471 am a22004697a 4500
=001  015917485
=003  Uk
=005  20111010153427.0
=006  m\\\\\\\\d\\\\\\\\
=007  cr\|||||||||||
=008  101031s2008\\\\xxk\\\\\sbm\\\000\0\eng\\
=040  \\$aUk$beng$cUk
=082  04$a660.63$223
=100  1\$aLim, Mayasari.
=245  10$aReal-time online in situ monitoring and statistical design strategies for haematopoietic stem cell bioprocessing$h[electronic resource].
=260  \\$bImperial College London,$c2008.
=300  \\$ap. :$bdigital, PDF file.
=336  \\$atext$2rdacontent
=337  \\$acomputer$2rdamedia
=338  \\$aonline resource$2rdacarrier
=502  \\$aThesis (Ph.D.)--Imperial College London, 2008.
=504  \\$aIncludes bibliographical references.
=520  3\$aIn vitro erythropoiesis of cord blood haematopoietic stem cells (HSCs) to produce fully enucleated red blood cells could provide an alternate resource for the erythrocyte. However, haematopoietic processes are highly complex and dynamic; defining process requirements to produce reproducible cells of high purity and yield is not an easy task. One major obstacle is the lack of knowledge in process characteristics. Design of experiments (DOE) is proposed as a tool to unveil process complexities that exist in HSC cultures. Characterisation and optimisation of in vitro erythropoiesis as a single-step culture is first performed via a simple DOE experimental strategy. The optimised DOE culture produced significantly better results (higher growth and faster maturation) than other single-step cultures. Subsequently, use of DOE to reveal in vitro process dynamics was attempted. This study was much more challenging and the repeatability of DOE process models was compromised in some cases. Process control of HSC culture bioprocesses is required for the delivery of reliable cell culture products suited for clinical applications. The availability of a convenient and economical online real-time process monitoring system can provide the means to translate stem cell culture bioprocesses from the bench-side into manufacturing production. The design and integration of such a system capable of simultaneous process monitoring of multiple analytes (ammonia, pH and oxygen) is presented. Operational and functional stability of this unique online real-time in situ monitoring platform was achieved. Stability of oxygen and ammonia sensors was achieved for up to three and six days respectively but biocompatibilities of both sensors require some improvements. Sensors of pH were biocompatible but their stability in cell culture is required.
=538  \\$aMode of access: World Wide Web.
=710  2\$aImperial College, London.
=852  4\$aBritish Library$bDSC$cDRT$j506486
=856  40$uhttp://hdl.handle.net/10044/1/4408
=859  \\$aXLD$bEThOS
=CAT  \\$aETHOSBKLG$b00$c20111010$lBLL01$h1534
=CAT  \\$aETHOSBKLG$c20111010$lBLL01$h1607
=CAT  \\$aETHOSBKLG$c20111010$lBLL01$h1630
=CAT  \\$aBATCH$b00$c20111010$lBLL01$h1820
=CAT  \\$aBATCH-UPD$b00$c20121030$lBLL01$h1022
=CAT  \\$aWR13.117$c20130727$lBLL01$h2007
=CAT  \\$aWR13.144/5$c20140418$lBLL01$h1026
=CAT  \\$aBATCH-ETHO$b00$c20140502$lBLL01$h0138
=DRT  \\$aETHOS
=FIN  \\$aY$d20111010
=FMT  \\$a  BK
=LAS  \\$aBATCH-ETHO$b00$c20140502$lBLL01$h0138
=SRC  \\$aEThOS$bethos_marc_111007.mrc
=STA  \\$aSUPPRESSED$bEThOS can't supply or embargoed

