=LDR  04018 am a22004697a 4500
=001  015917486
=003  Uk
=005  20111010153427.0
=006  m\\\\|\\\d\|\\\\\\
=007  cr||||||||||||
=008  100407s2009\\\\enk\\\\\sbm\\\000\0\eng\\
=040  \\$aUk$beng$cUk
=082  04$a611$223
=100  1\$aVaghjiani, Rasilaben Jethalal.
=245  10$aIsolation and characterisation of mesenchymal stem cells$h[electronic resource] /$cRasilaben Jethalal Vaghjiani.
=260  \\$aLondon :$bImperial College London,$c2009.
=300  \\$ap. :$bdigital, PDF file.
=336  \\$atext$2rdacontent
=337  \\$acomputer$2rdamedia
=338  \\$aonline resource$2rdacarrier
=502  \\$aThesis (Ph.D.)--Imperial College London, 2009.
=504  \\$aIncludes bibliographical references.
=520  3\$aMSCs have great therapeutic potential and are currently used in various clinical trials. However, the extremely low frequency of MSCs and the absence of a known cell-specific marker have made their purification and identification a highly challenging goal. Our hypothesis is that identification of a MSC specific cell surface marker would facilitate isolation of a pure population of MSCs, which in clinical studies may enhance the subsequent regenerative effect in comparison to a heterogeneous MSC population. Our aim therefore was to attempt to identify such MSC-specific markers using a transcriptomics approach. Individual clones were isolated after seeding bone marrow mononuclear cells from BALB/b and BALB/c mice in 5% oxygen tension. All clones had the ability to differentiate into adipocytes, chondrocytes, and osteoblasts, and to self-renew, and were therefore functionally characterised as MSCs. All murine MSC clones consistently expressed very high levels of Sca-1. Cytogenetic analysis of clones revealed an abnormal karyotype of 69 chromosomes and transplantation of cells into immuno-compromised SCID mice revealed no evidence of tumour formation after 7 months indicating that cells were not malignant. A rigorous genome-wide supervised microarray analysis revealed six genes were differentially expressed on the MSC clones in comparison to various controls - STEAP1, STEAP2, ly6f, versican, vitamin D receptor, and H2-M9. Two-dimensional hierarchical clustering of 28 different arrays revealed both STEAP genes and vitamin D receptor also had a similar expression pattern to Sca-1. Thus STEAP1 and STEAP2 were the only two cell membrane protein encoding genes identified by both analysis methods. Importantly, flow cytometry analysis revealed STEAP2 was differentially expressed in normal diploid multipotent human bone marrow stromal cells (hBMSCs) compared to fibroblasts and freshly isolated bone marrow cells. Furthermore, western blot analysis revealed STEAP1 was significantly expressed in hBMSCs, but not by human fibroblasts or human chondrocytes. STEAP1 depletion by RNA interference resulted in decreased cell adherence to tissue culture plastic. Results suggest STEAP1 and STEAP2 may be novel MSC markers in murine and in human cells. Further work is needed to elucidate their role in MSCs and to establish their usefulness as potential cell-specific markers.
=538  \\$aMode of access: World Wide Web.
=710  2\$aImperial College, London.
=852  4\$aBritish Library$bDSC$cDRT$j506487
=856  40$uhttp://hdl.handle.net/10044/1/4416
=859  \\$aXLD$bEThOS
=CAT  \\$aETHOSBKLG$b00$c20111010$lBLL01$h1534
=CAT  \\$aETHOSBKLG$c20111010$lBLL01$h1607
=CAT  \\$aETHOSBKLG$c20111010$lBLL01$h1630
=CAT  \\$aBATCH$b00$c20111010$lBLL01$h1820
=CAT  \\$aBATCH-UPD$b00$c20121030$lBLL01$h1022
=CAT  \\$aWR13.117$c20130727$lBLL01$h2007
=CAT  \\$aWR13.144/5$c20140418$lBLL01$h1026
=CAT  \\$aBATCH-ETHO$b00$c20140502$lBLL01$h0138
=DRT  \\$aETHOS
=FIN  \\$aY$d20111010
=FMT  \\$a  BK
=LAS  \\$aBATCH-ETHO$b00$c20140502$lBLL01$h0138
=SRC  \\$aEThOS$bethos_marc_111007.mrc
=STA  \\$aSUPPRESSED$bEThOS can't supply or embargoed

