=LDR  03682 am a22004697a 4500
=001  015917487
=003  Uk
=005  20111010153427.0
=006  m\\\\\\\\d\\\\\\\\
=007  cr\|||||||||||
=008  101031s2008\\\\xxk\\\\\sbm\\\000\0\eng\\
=040  \\$aUk$beng$cUk
=082  04$a616.1$223
=100  1\$aJohnson, William Benjamin.
=245  10$aPhosphodiesterase function and activity in isolated cardiomyocytes from rat, guinea pig and human heart$h[electronic resource].
=260  \\$bImperial College London,$c2008.
=300  \\$ap. :$bdigital, PDF file.
=336  \\$atext$2rdacontent
=337  \\$acomputer$2rdamedia
=338  \\$aonline resource$2rdacarrier
=502  \\$aThesis (Ph.D.)--Imperial College London, 2008.
=504  \\$aIncludes bibliographical references.
=520  3\$aPhosphodiesterases (PDEs) play a key role in the control of cardiac contraction. PDE inhibitors are associated with cardiotoxicity, and increased knowledge of cardiomyocyte PDEs is required for improved pharmaceutical development. PDE activity and function were compared in animal and human cardiomyocytes in order to determine a suitable model for the human response, and to generate new insights into the role of cardiomyocyte PDEs. Ventricular myocytes were isolated from rat, guinea pig and diseased human heart. PDE gene expression was measured using RTPCR; PDE activity was measured using a scintillation proximity assay and isoform-specific PDE inhibitors. Effects of PDE inhibition on cardiomyocyte contractility were measured using electrically paced isolated cells. The human cardiomyocyte PDE expression and activity profile was closer to the guinea pig than the rat. High levels of PDE1 activity against cAMP and lower levels of possible PDE5 activity were found in guinea pig and human cardiomyocytes, but not rat. Non-specific PDE inhibition increased basal cardiomyocyte percentage shortening in cells from all three species; PDE3 inhibition only increased percentage shortening in guinea pig and human cardiomyocytes; PDE4 inhibition did not affect basal percentage shortening in cardiomyocytes from any of the three species. Further studies using rat cardiomyocytes found that PDE3 and PDE4 inhibition both significantly increased percentage shortening when cAMP levels were raised; rat β1- and β2- adrenergic receptors were also differentially regulated by PDE3 and PDE4. The functional effects of PDE1 inhibition were investigated in guinea pig cardiomyocytes but no significant effects were measured. Dual PDE1/PDE5 inhibition was shown to have a small negative effect on isoprenaline-stimulated contractility in rat, guinea pig and human cardiomyocytes. This study has revealed new insights into cardiomyocyte PDEs and demonstrated that the guinea pig may be a more suitable model for diseased human cardiomyocytes than the rat.
=538  \\$aMode of access: World Wide Web.
=710  2\$aImperial College, London.
=852  4\$aBritish Library$bDSC$cDRT$j506488
=856  40$uhttp://hdl.handle.net/10044/1/4414
=859  \\$aXLD$bEThOS
=CAT  \\$aETHOSBKLG$b00$c20111010$lBLL01$h1534
=CAT  \\$aETHOSBKLG$c20111010$lBLL01$h1607
=CAT  \\$aETHOSBKLG$c20111010$lBLL01$h1630
=CAT  \\$aBATCH$b00$c20111010$lBLL01$h1820
=CAT  \\$aBATCH-UPD$b00$c20121030$lBLL01$h1022
=CAT  \\$aWR13.117$c20130727$lBLL01$h2007
=CAT  \\$aWR13.144/5$c20140418$lBLL01$h1026
=CAT  \\$aBATCH-ETHO$b00$c20140502$lBLL01$h0138
=DRT  \\$aETHOS
=FIN  \\$aY$d20111010
=FMT  \\$a  BK
=LAS  \\$aBATCH-ETHO$b00$c20140502$lBLL01$h0138
=SRC  \\$aEThOS$bethos_marc_111007.mrc
=STA  \\$aSUPPRESSED$bEThOS can't supply or embargoed

