=LDR  03550 am a22004697a 4500
=001  015917488
=003  Uk
=005  20111010153427.0
=006  m\\\\|\\\d\|\\\\\\
=007  cr||||||||||||
=008  100407s2009\\\\enk\\\\\sbm\\\000\0\eng\\
=040  \\$aUk$beng$cUk
=082  04$a611$223
=100  1\$aVawda, Reaz.
=245  10$aCharacterisation and neurogenic potential of stem cells from the human umbilical cord matrix$h[electronic resource] /$cReaz Vawda.
=260  \\$aLondon :$bImperial College London,$c2009.
=300  \\$a258 p. :$bdigital, PDF file.
=336  \\$atext$2rdacontent
=337  \\$acomputer$2rdamedia
=338  \\$aonline resource$2rdacarrier
=502  \\$aThesis (Ph.D.)--Imperial College London, 2009.
=504  \\$aIncludes bibliographical references.
=520  3\$aNeural stem cell grafts can potentially repair damage or degeneration of the human central nervous system (CNS). However, the only neural cells reported to provide any benefit to date have been immature neural precursors derived from aborted foetuses. Recent studies suggest that neural cells can be derived from non-neural and non-embryonic tissues such as bone marrow, peripheral and umbilical cord blood, and umbilical cord matrix (Wharton's jelly). These tissues may therefore represent a more accessible source of cells for therapeutic repair and regeneration of the brain and spinal cord. Furthermore, they could potentially be obtained and grafted autologously, thereby reducing the risk of tissue rejection. At present, little is known about the origin, frequency and phenotypic characteristics of stem cells from the umbilical cord matrix. The aim of this study was to characterise and analyse the neurogenic potential of a potentially novel source of mesenchymal stem cells (MSCs) derived from the Wharton's jelly (WJ) of human umbilical cord, and compared to foetal blood-derived MSCs. Cell division rates determined by serial passaging and CyQuant proliferation assay, senescence, antigenic profiles, and mesodermal (osteogenic and adipogenic) or neural differentiation potentials were assessed. MSCs from both sources showed typical fibroblastic morphology and formed monolayers in culture with foetal bovine serum (FBS). Most WJ (more than 82%) MSCs expressed characteristic markers, including CD105 (SH2), CD73 (SH3), prolyl-4 hydroxylase (5B5) and vimentin (V9). The doubling times of the foetal blood MSCs and WJ cells were 30 and 36 hours, respectively. Furthermore, WJ and foetal blood MSCs demonstrated osteogenic, adipogenic and chondrogenic differentiation potential in vitro. The neural differentiation potential of these cells in a range of culture conditions was assessed with varying results.
=538  \\$aMode of access: World Wide Web.
=710  2\$aImperial College, London.
=852  4\$aBritish Library$bDSC$cDRT$j506489
=856  40$uhttp://hdl.handle.net/10044/1/4413
=859  \\$aXLD$bEThOS
=CAT  \\$aETHOSBKLG$b00$c20111010$lBLL01$h1534
=CAT  \\$aETHOSBKLG$c20111010$lBLL01$h1607
=CAT  \\$aETHOSBKLG$c20111010$lBLL01$h1630
=CAT  \\$aBATCH$b00$c20111010$lBLL01$h1820
=CAT  \\$aBATCH-UPD$b00$c20121030$lBLL01$h1022
=CAT  \\$aWR13.117$c20130727$lBLL01$h2007
=CAT  \\$aWR13.144/5$c20140418$lBLL01$h1026
=CAT  \\$aBATCH-ETHO$b00$c20140502$lBLL01$h0138
=DRT  \\$aETHOS
=FIN  \\$aY$d20111010
=FMT  \\$a  BK
=LAS  \\$aBATCH-ETHO$b00$c20140502$lBLL01$h0138
=SRC  \\$aEThOS$bethos_marc_111007.mrc
=STA  \\$aSUPPRESSED$bEThOS can't supply or embargoed

