=LDR  03223 am a22004817a 4500
=001  015917809
=003  Uk
=005  20111010153430.0
=006  m\\\\\\\\d\\\\\\\\
=007  cr\|||||||||||
=008  111010s2009\\\\xxk\\\\\sbm\\\000\0\eng\\
=040  \\$aUk$beng$cUk$dUk
=082  04$a535$223
=100  1\$aNagel, Sabrina Roswitha.
=245  10$aStudies of Electron Acceleration Mechanisms in Relativistic Laser-Plasma Interactions$h[electronic resource].
=260  \\$bImperial College, London,$c2009.
=300  \\$ap. :$bdigital, PDF file.
=336  \\$atext$2rdacontent
=337  \\$acomputer$2rdamedia
=338  \\$aonline resource$2rdacarrier
=502  \\$aThesis (Ph.D.)--Imperial College London, 2009.
=504  \\$aIncludes bibliographical references.
=520  3\$aLaser-plasma interactions have many potential applications, such as medical treatments,x-ray generation, particle acceleration and inertial confinement fusion (ICF).In all of these applications, understanding how laser energy is absorbed by the materialand converted into energetic electrons is very important. Therefore it is vitalto enhance the understanding of how these energetic electrons are created and whatmechanisms influence them. This Thesis comprises experimental studies of electron acceleration mechanismsin laser-plasma interactions, as well as simulations relevant to these experiments. The experiments described were conducted at the Rutherford Appleton Laboratoryutilising the VULCAN laser facility, and investigate laser interactions with both underdenseand overdense plasmas. In the underdense regime, the intensity dependence of the accelerated electronshas been studied experimentally, as well as the impact of the focusing geometry onthe generation of hot electrons. For high intensities, experimental measurementsshow a scaling of the temperature of the electrons with a0. Density and f-numberdependencies of the accelerated electrons are also observed. The effect of laser polarisation and target thickness on the escaping electronsis studied for laser interactions with solid targets, or overdense plasmas. It wasfound that the effective temperature of the electrons depends on both the laserpolarisation and the target thickness. The electron production from ultra-thin foils,and the effect of laser pre-pulse are also investigated.
=538  \\$aMode of access: World Wide Web.
=710  2\$aImperial College, London.
=852  4\$aBritish Library$bDSC$cDRT$j506871
=856  40$uhttp://hdl.handle.net/10044/1/4639
=859  \\$aXLD$bEThOS
=CAT  \\$aETHOSBKLG$b00$c20111010$lBLL01$h1534
=CAT  \\$aETHOSBKLG$c20111010$lBLL01$h1607
=CAT  \\$aETHOSBKLG$c20111010$lBLL01$h1630
=CAT  \\$aBATCH$b00$c20111010$lBLL01$h1820
=CAT  \\$aBATCH-UPD$b00$c20121030$lBLL01$h1022
=CAT  \\$aWR13.117$c20130727$lBLL01$h2007
=CAT  \\$aWR13.144/5$c20140418$lBLL01$h1026
=CAT  \\$aBATCH-ETHO$b00$c20140502$lBLL01$h0138
=CAT  \\$aBATCH-ETH8$c20170506$lBLL01$h1040
=DRT  \\$aETHOS
=FIN  \\$aY$d20111010
=FMT  \\$a  BK
=LAS  \\$aBATCH-ETH8$b00$c20170506$lBLL01$h1040
=SRC  \\$aEThOS$bethos_marc_111007.mrc
=STA  \\$aSUPPRESSED$bEThOS can't supply or embargoed

