=LDR  02607 am a22004817a 4500
=001  015917811
=003  Uk
=005  20111010153430.0
=006  m\\\\\\\\d\\\\\\\\
=007  cr\|||||||||||
=008  111010s2008\\\\xxk\\\\\sbm\\\000\0\eng\\
=040  \\$aUk$beng$cUk$dUk
=082  04$a537.622$223
=100  1\$aFerenczi, Toby A. M.
=245  12$aA Study of the Relationship Between Microstructure and Photophysics in Organic Semiconductor Blends for Solar Cell Applications$h[electronic resource].
=260  \\$bImperial College, London,$c2008.
=300  \\$ap. :$bdigital, PDF file.
=336  \\$atext$2rdacontent
=337  \\$acomputer$2rdamedia
=338  \\$aonline resource$2rdacarrier
=502  \\$aThesis (Ph.D.)--Imperial College London, 2008.
=504  \\$aIncludes bibliographical references.
=520  3\$aThis thesis is a study of material blends involving organic semiconductors and their applicationto opto-electronic devices, particularly photovoltaic diodes. Its principal aim is to examinethe microstructure of the blend, where microstructure is defined as molecular ordering andspatial arrangement on the nanometer to micrometer scale. In general, each chapter of thethesis presents a novel means by which to influence the microstructure of organic semiconductorblends. These techniques are used as a means to understand how the photophysics of optoelectronicdevices is influenced by microstructure. We establish some general principles of howmicrostructure relates to device performance and also find high performance in some entirelynovel device structures and architectures. It is hoped that understanding developed here willlead to improvements in the performance of organic photovoltaic devices.
=538  \\$aMode of access: World Wide Web.
=710  2\$aImperial College, London.
=852  4\$aBritish Library$bDSC$cDRT$j506873
=856  40$uhttp://hdl.handle.net/10044/1/4642
=859  \\$aXLD$bEThOS
=CAT  \\$aETHOSBKLG$b00$c20111010$lBLL01$h1534
=CAT  \\$aETHOSBKLG$c20111010$lBLL01$h1607
=CAT  \\$aETHOSBKLG$c20111010$lBLL01$h1630
=CAT  \\$aBATCH$b00$c20111010$lBLL01$h1820
=CAT  \\$aBATCH-UPD$b00$c20121030$lBLL01$h1022
=CAT  \\$aWR13.117$c20130727$lBLL01$h2007
=CAT  \\$aWR13.144/5$c20140418$lBLL01$h1026
=CAT  \\$aBATCH-ETHO$b00$c20140502$lBLL01$h0138
=CAT  \\$aBATCH-ETH8$c20170506$lBLL01$h1040
=DRT  \\$aETHOS
=FIN  \\$aY$d20111010
=FMT  \\$a  BK
=LAS  \\$aBATCH-ETH8$b00$c20170506$lBLL01$h1040
=SRC  \\$aEThOS$bethos_marc_111007.mrc
=STA  \\$aSUPPRESSED$bEThOS can't supply or embargoed

