=LDR  03452 am a22004817a 4500
=001  015917817
=003  Uk
=005  20111010153430.0
=006  m\\\\\\\\d\\\\\\\\
=007  cr\|||||||||||
=008  111010s2009\\\\xxk\\\\\sbm\\\000\0\eng\\
=040  \\$aUk$beng$cUk$dUk
=082  04$a550$223
=100  1\$aIdowu, Nasiru Abiodun.
=245  10$aPore-Scale Modeling$h[electronic resource] :$bStochastic Network Generation and Modeling of Rate Effects in Waterflooding.
=260  \\$bImperial College, London,$c2009.
=300  \\$ap. :$bdigital, PDF file.
=336  \\$atext$2rdacontent
=337  \\$acomputer$2rdamedia
=338  \\$aonline resource$2rdacarrier
=502  \\$aThesis (Ph.D.)--Imperial College London, 2009.
=504  \\$aIncludes bibliographical references.
=520  3\$aPore scale network modeling has been used to predict transport flow properties formultiphase flow successfully. The prediction is based on having geologically realisticnetworks that are computationally expensive to generate and normally represent onlya very small section of the rock sample. We present a new method to generatestochastic random networks representing the pore space of different rocks with giveninput pore and throat size distributions and connectivity ? these distributions can beobtained from an analysis of pore-space images. The stochastic networks can bearbitrarily large and hence are not limited by the size of the original image. The basic assumption made in the prediction of transport flow properties using mostpore-scale models is that the flow is capillary dominated. This implies that the viscouspressure drop is insignificant compared to the capillary pressure. However, at the fieldscale, gravity and viscous forces dominate displacement processes. We develop arate-dependent network model that accounts for viscous forces by solving for thewetting and non-wetting phase pressure and which allows wetting layer swelling nearan advancing flood front. We propose a new time-dependent algorithm by accountingfor partial filling of elements. We use the model to study the effects of capillary number and mobility ratio onimbibition displacement patterns, saturation and velocity profiles. We also investigatethe effects of capillary number and mobility ratio on the water fractional flow curve,cumulative oil production and residual oil saturation for water-wet and mixed-wetsystems. By using large networks we reproduce Buckley-Leverett profiles directlyfrom pore-scale modeling thereby providing a bridge between pore-scale and macroscaletransport.
=538  \\$aMode of access: World Wide Web.
=710  2\$aImperial College, London.
=852  4\$aBritish Library$bDSC$cDRT$j506895
=856  40$uhttp://hdl.handle.net/10044/1/4436
=859  \\$aXLD$bEThOS
=CAT  \\$aETHOSBKLG$b00$c20111010$lBLL01$h1534
=CAT  \\$aETHOSBKLG$c20111010$lBLL01$h1607
=CAT  \\$aETHOSBKLG$c20111010$lBLL01$h1630
=CAT  \\$aBATCH$b00$c20111010$lBLL01$h1820
=CAT  \\$aBATCH-UPD$b00$c20121030$lBLL01$h1022
=CAT  \\$aWR13.117$c20130727$lBLL01$h2007
=CAT  \\$aWR13.144/5$c20140418$lBLL01$h1026
=CAT  \\$aBATCH-ETHO$b00$c20140502$lBLL01$h0138
=CAT  \\$aBATCH-ETH8$c20170506$lBLL01$h1040
=DRT  \\$aETHOS
=FIN  \\$aY$d20111010
=FMT  \\$a  BK
=LAS  \\$aBATCH-ETH8$b00$c20170506$lBLL01$h1040
=SRC  \\$aEThOS$bethos_marc_111007.mrc
=STA  \\$aSUPPRESSED$bEThOS can't supply or embargoed

