=LDR  03340 am a22004697a 4500
=001  015917818
=003  Uk
=005  20111010153430.0
=006  m\\\\|\\\d\|\\\\\\
=007  cr||||||||||||
=008  100408s2009\\\\enk\\\\\sbm\\\000\0\eng\\
=040  \\$aUk$beng$cUk
=082  04$a618$223
=100  1\$aOwen, Bryn Myers.
=245  10$aPXR-mediated metabolism during pregnancy and cholestasis$h[electronic resource] /$cBryn Myers Owen.
=260  \\$aLondon :$bImperial College London,$c2009.
=300  \\$a220 p. :$bdigital, PDF file.
=336  \\$atext$2rdacontent
=337  \\$acomputer$2rdamedia
=338  \\$aonline resource$2rdacarrier
=502  \\$aThesis (Ph.D.)--Imperial College London, 2009.
=504  \\$aIncludes bibliographical references.
=520  3\$aNuclear receptors, including the pregnane x receptor (PXR) and the farnesoid x receptor (FXR), regulate the expression of genes that maintain bile acid (BA) homeostasis. Intrahepatic cholestasis of pregnancy (ICP) is a common gestational liver disease and BAs are implicated in its pathogenesis. Rodents exhibit maternal liver growth in order to meet the metabolic demands of pregnancy. This process is found to precede changes in body weight, occur in the presence of raised serum BAs and is likely to be driven by a placental lactogen. While the growth is normally achieved by hepatocyte hypertrophy, potentially harmful hyperplasia makes a major contribution in mice lacking Fxr. Consistent with reports of raised serum BAs in normal pregnant women, hepatic BAs are found in association with pro-cholestatic gene expression in normal pregnant mice. Gestation could be a state of reduced Fxr function because BA-fed and Fxr-/- mice do not develop raised hepatic BAs during pregnancy. Sequencing and functional assessment of PXR variants revealed that polymorphisms in this gene are unlikely to contribute to the aetiology of ICP. Surprisingly, Pxr-/- mice have enhanced hepatic metabolism and are resistant to toxicity caused by lithocholic acid (LCA). Furthermore, while hepatic Pxr is activated by intraperitoneal injection of LCA, it is not activated by physiologically relevant LCA-feeding. Summary: Pregnancy causes liver growth, raised hepatic BA and pro-cholestatic gene expression in normal mice. In humans, these adaptations may expose predisposed individuals to gestational liver disease. Genetic variation in PXR does not contribute to ICP and Pxr may play only a limited role in mediating hepatic responses to toxic BAs.
=538  \\$aMode of access: World Wide Web.
=710  2\$aImperial College, London.
=852  4\$aBritish Library$bDSC$cDRT$j506898
=856  40$uhttp://hdl.handle.net/10044/1/4431
=859  \\$aXLD$bEThOS
=CAT  \\$aETHOSBKLG$b00$c20111010$lBLL01$h1534
=CAT  \\$aETHOSBKLG$c20111010$lBLL01$h1607
=CAT  \\$aETHOSBKLG$c20111010$lBLL01$h1630
=CAT  \\$aBATCH$b00$c20111010$lBLL01$h1820
=CAT  \\$aBATCH-UPD$b00$c20121030$lBLL01$h1022
=CAT  \\$aWR13.117$c20130727$lBLL01$h2007
=CAT  \\$aWR13.144/5$c20140418$lBLL01$h1026
=CAT  \\$aBATCH-ETHO$b00$c20140502$lBLL01$h0138
=DRT  \\$aETHOS
=FIN  \\$aY$d20111010
=FMT  \\$a  BK
=LAS  \\$aBATCH-ETHO$b00$c20140502$lBLL01$h0138
=SRC  \\$aEThOS$bethos_marc_111007.mrc
=STA  \\$aSUPPRESSED$bEThOS can't supply or embargoed

