=LDR  03584 am a22004697a 4500
=001  015917819
=003  Uk
=005  20111010153430.0
=006  m\\\\|\\\d\|\\\\\\
=007  cr||||||||||||
=008  100408s2009\\\\enk\\\\\sbm\\\000\0\eng\\
=040  \\$aUk$beng$cUk
=082  04$a579.2$223
=100  1\$aMcDonald, Carol Marie.
=245  10$aRegulation of Epstein-Barr virus BZLF1$h[electronic resource] /$cby Carol Marie McDonald.
=260  \\$aLondon :$bImperial College London,$c2009.
=300  \\$a203 p. :$bdigital, PDF file.
=336  \\$atext$2rdacontent
=337  \\$acomputer$2rdamedia
=338  \\$aonline resource$2rdacarrier
=502  \\$aThesis (Ph.D.)--Imperial College London, 2009.
=504  \\$aIncludes bibliographical references.
=520  3\$aEpstein-Barr virus (EBV) establishes a latent infection in the human host. In order to produce infectious virus particles EBV must reactivate from latency and enter its lytic cycle. BZLF1 is the immediate early gene in EBV that mediates the switch between latency and the lytic cycle. The BZLF1 gene is under the control of the Zp promoter. Reactivation from latency is studied in EBV positive Akata cell lines where EBV can be reactivated by crosslinking the B-cell receptor (BCR) using antibodies to mimic antigen binding. This system uses stably transfected reporter plasmids to study Zp regulation. Mutagenesis identified additional regions of the promoter that contribute to regulation and the ZID MEF2 binding site was demonstrated to be functionally important during the initial stages of Zp activation. XBP-1 splicing, previously implicated in Zp reactivation, was found to occur rapidly in this system in response to BCR crosslinking and parallels the transient induction of Zp. Chromatin remodelling also plays an important role in Zp regulation. An inducible BZLF1 expression system, independent of BCR signalling, was developed in Akata cells that accurately mimics BZLF1 activity and provides a novel approach to study repression at Zp. The BZLF1 protein is related to the bZIP family of transcription factors. BZLF1 contains a bZIP motif in which C-terminal residues fold back against a zipper region that forms an a-helical coiled-coil. The 208SSENDRLR215 sequence in the zipper region is conserved between BZLF1 and C/EBP. Point mutagenesis in this sequence revealed the importance of individual residues for transactivation and progression to DNA replication. The restoration of BZLF1 DNA replication activity by complementation of two deleterious mutations (S208E and D236K) indicated that the interaction of the C-terminal tail and the core zipper region is required for DNA replication, identifying a functional role for this structural feature unique to BZLF1.
=538  \\$aMode of access: World Wide Web.
=710  2\$aImperial College, London.
=852  4\$aBritish Library$bDSC$cDRT$j506900
=856  40$uhttp://hdl.handle.net/10044/1/4430
=859  \\$aXLD$bEThOS
=CAT  \\$aETHOSBKLG$b00$c20111010$lBLL01$h1534
=CAT  \\$aETHOSBKLG$c20111010$lBLL01$h1607
=CAT  \\$aETHOSBKLG$c20111010$lBLL01$h1630
=CAT  \\$aBATCH$b00$c20111010$lBLL01$h1820
=CAT  \\$aBATCH-UPD$b00$c20121030$lBLL01$h1022
=CAT  \\$aWR13.117$c20130727$lBLL01$h2007
=CAT  \\$aWR13.144/5$c20140418$lBLL01$h1026
=CAT  \\$aBATCH-ETHO$b00$c20140502$lBLL01$h0138
=DRT  \\$aETHOS
=FIN  \\$aY$d20111010
=FMT  \\$a  BK
=LAS  \\$aBATCH-ETHO$b00$c20140502$lBLL01$h0138
=SRC  \\$aEThOS$bethos_marc_111007.mrc
=STA  \\$aSUPPRESSED$bEThOS can't supply or embargoed

