=LDR  04126 am a22004817a 4500
=001  015917821
=003  Uk
=005  20111010153430.0
=006  m\\\\\\\\d\\\\\\\\
=007  cr\|||||||||||
=008  111010s2009\\\\xxk\\\\\sbm\\\000\0\eng\\
=040  \\$aUk$beng$cUk$dUk
=082  04$a591.7$223
=100  1\$aSmith, Joseph Alexander.
=245  10$aMammalian Diversity and Distribution in Human-Altered Tropical Landscapes$h[electronic resource].
=260  \\$bImperial College, London,$c2009.
=300  \\$ap. :$bdigital, PDF file.
=336  \\$atext$2rdacontent
=337  \\$acomputer$2rdamedia
=338  \\$aonline resource$2rdacarrier
=502  \\$aThesis (Ph.D.)--Imperial College London, 2009.
=504  \\$aIncludes bibliographical references.
=520  3\$aHabitat loss at the hands of human enterprise continues to drive the global decline inbiodiversity. While much attention has been placed on the use of protected areas as ameans of conservation, there is an increasing need to understand the capacity ofunprotected, human-altered landscapes to provide refugia and connectivity at largerspatial scales. This study evaluates the mammalian diversity that persists underalternative land management regimes and degrees of landscape change in south-centralSumatra, Indonesia. Species occurrence data compiled from extensive field surveysacross 1600km2 form the basis for analyses of community composition and speciesspecificresponses to the current landscape. Results indicate that species richnessdeclined with increased landscape alteration. The lowest observed species numberswere in areas of industrial scale oil palm production rather than scrub habitats ordegraded forest. Endangered mammals that persisted in the wider matrix were extirpatedfrom the oil palm dominated areas. Comparisons between the ecological traits shared bypersistent versus locally extirpated species revealed that in the initial stages of landscapechange there is the capacity to support large specialist species with slow life histories. Aslandscape degradation continues to an agricultural matrix only habitat and dietgeneralists persisted. Tests of species-specific responses to landscape alteration focussed on the occurrencepatterns of Sumatran tigers (Panthera tigris sumatrae) and four principal prey species. Measures of human prevalence derived from survey data and a novel application ofoccupancy estimation techniques, identified significant negative responses to higherlevels of landscape development. Satellite derived measures of habitat connectivity andlocalised landcover degradation found that connectivity to areas of least disturbed forestwas more important for reclusive species such as tapir (Tapirus indicus) and red muntjac(Muntiacus muntjak), while the occurrence of the wide-ranging tiger was more stronglyinfluenced by local landcover degradation. The capacity of human altered landscapes tocontribute to the conservation of mammalian communities is closely allied to theavailability of degraded forests rather than alternative human altered landcovers. Giventhat these areas of forest are increasingly subject to degradation and conversion, spatialplanning and proactive management are required to safeguard these resources.
=538  \\$aMode of access: World Wide Web.
=710  2\$aImperial College, London.
=852  4\$aBritish Library$bDSC$cDRT$j506905
=856  40$uhttp://hdl.handle.net/10044/1/4427
=859  \\$aXLD$bEThOS
=CAT  \\$aETHOSBKLG$b00$c20111010$lBLL01$h1534
=CAT  \\$aETHOSBKLG$c20111010$lBLL01$h1607
=CAT  \\$aETHOSBKLG$c20111010$lBLL01$h1630
=CAT  \\$aBATCH$b00$c20111010$lBLL01$h1820
=CAT  \\$aBATCH-UPD$b00$c20121030$lBLL01$h1022
=CAT  \\$aWR13.117$c20130727$lBLL01$h2007
=CAT  \\$aWR13.144/5$c20140418$lBLL01$h1026
=CAT  \\$aBATCH-ETHO$b00$c20140502$lBLL01$h0138
=CAT  \\$aBATCH-ETH8$c20170506$lBLL01$h1040
=DRT  \\$aETHOS
=FIN  \\$aY$d20111010
=FMT  \\$a  BK
=LAS  \\$aBATCH-ETH8$b00$c20170506$lBLL01$h1040
=SRC  \\$aEThOS$bethos_marc_111007.mrc
=STA  \\$aSUPPRESSED$bEThOS can't supply or embargoed

