=LDR  03295 am a22004817a 4500
=001  015917822
=003  Uk
=005  20111010153430.0
=006  m\\\\\\\\d\\\\\\\\
=007  cr\|||||||||||
=008  111010s2009\\\\xxk\\\\\sbm\\\000\0\eng\\
=040  \\$aUk$beng$cUk$dUk
=082  04$a502.85$223
=100  1\$aWen, Jimi.
=245  10$aReverberation$h[electronic resource] :$bmodels, estimation and application.
=260  \\$bImperial College, London,$c2009.
=300  \\$ap. :$bdigital, PDF file.
=336  \\$atext$2rdacontent
=337  \\$acomputer$2rdamedia
=338  \\$aonline resource$2rdacarrier
=502  \\$aThesis (Ph.D.)--Imperial College London, 2009.
=504  \\$aIncludes bibliographical references.
=520  3\$aThe use of reverberation models is required in many applications such as acoustic measurements,speech dereverberation and robust automatic speech recognition. The aim of this thesis is toinvestigate different models and propose a perceptually-relevant reverberation model with suitableparameter estimation techniques for different applications. Reverberation can be modelled in both the time and frequency domain. The model parametersgive direct information of both physical and perceptual characteristics. These characteristicscreate a multidimensional parameter space of reverberation, which can be to a large extent capturedby a time-frequency domain model. In this thesis, the relationship between physical and perceptualmodel parameters will be discussed. In the first application, an intrusive technique is proposed tomeasure the reverberation or reverberance, perception of reverberation and the colouration. Theroom decay rate parameter is of particular interest. In practical applications, a blind estimate of the decay rate of acoustic energy in a roomis required. A statistical model for the distribution of the decay rate of the reverberant signalnamed the eagleMax distribution is proposed. The eagleMax distribution describes the reverberantspeech decay rates as a random variable that is the maximum of the room decay rates and anechoicspeech decay rates. Three methods were developed to estimate the mean room decay rate fromthe eagleMax distributions alone. The estimated room decay rates form a reverberation model thatwill be discussed in the context of room acoustic measurements, speech dereverberation and robustautomatic speech recognition individually.
=538  \\$aMode of access: World Wide Web.
=710  2\$aImperial College, London.
=852  4\$aBritish Library$bDSC$cDRT$j506906
=856  40$uhttp://hdl.handle.net/10044/1/4425
=859  \\$aXLD$bEThOS
=CAT  \\$aETHOSBKLG$b00$c20111010$lBLL01$h1534
=CAT  \\$aETHOSBKLG$c20111010$lBLL01$h1607
=CAT  \\$aETHOSBKLG$c20111010$lBLL01$h1630
=CAT  \\$aBATCH$b00$c20111010$lBLL01$h1820
=CAT  \\$aBATCH-UPD$b00$c20121030$lBLL01$h1022
=CAT  \\$aWR13.117$c20130727$lBLL01$h2007
=CAT  \\$aWR13.144/5$c20140418$lBLL01$h1026
=CAT  \\$aBATCH-ETHO$b00$c20140502$lBLL01$h0138
=CAT  \\$aBATCH-ETH8$c20170506$lBLL01$h1040
=DRT  \\$aETHOS
=FIN  \\$aY$d20111010
=FMT  \\$a  BK
=LAS  \\$aBATCH-ETH8$b00$c20170506$lBLL01$h1040
=SRC  \\$aEThOS$bethos_marc_111007.mrc
=STA  \\$aSUPPRESSED$bEThOS can't supply or embargoed

