=LDR  04128 am a22004817a 4500
=001  015917823
=003  Uk
=005  20111010153430.0
=006  m\\\\\\\\d\\\\\\\\
=007  cr\|||||||||||
=008  111010s2009\\\\xxk\\\\\sbm\\\000\0\eng\\
=040  \\$aUk$beng$cUk$dUk
=082  04$a662$223
=100  1\$aNie, Zhenggang.
=245  10$aLife Cycle Modelling of Carbon Dioxide Capture and Geological Storage in Energy Production$h[electronic resource].
=260  \\$bImperial College, London,$c2009.
=300  \\$ap. :$bdigital, PDF file.
=336  \\$atext$2rdacontent
=337  \\$acomputer$2rdamedia
=338  \\$aonline resource$2rdacarrier
=502  \\$aThesis (Ph.D.)--Imperial College London, 2009.
=504  \\$aIncludes bibliographical references.
=520  3\$aCarbon dioxide (CO2) capture and geological storage (CCS) is recognised as one of themain options in the portfolio of greenhouse gas (GHG) mitigation technologies beingdeveloped worldwide. The CO2 capture and storage technologies require significantamounts of energy during their implementation and also change the environmentalprofile of power generation. The holistic perspective offered by Life Cycle Assessment(LCA) enables decision makers to quantify the trade-offs inherent in any change to thepower production systems and helps to ensure that a reduction in GHG emissions doesnot result in significant increases in other environmental impacts. Early LCA studies ofpower generation with CCS report a wide range of results, as they focus on specific CO2capture cases only. Furthermore, previous work and commercial LCA software have arigid approach to system boundaries and do not recognise the importance of the level ofdetail that should be included in the Life Cycle Inventory (LCI) data. This research developed a complete LCA framework for the ?cradle-to-grave?assessment of alternative CCS technologies in carbon-containing fuel power generation. A comprehensive and quantitative Life Cycle Inventory (LCI) database, which modelsinputs/outputs of processes at high level of detail, accounts for technical and geographicdifferences, generates LCI data in a consistent and transparent manner was developedand arranged and flexible structure. The developed LCI models were successfully applied to power plants with alternativepost-combustion chemical absorption capture and oxy-fuel combustion capture. Theresults demonstrate that most environmental impacts come from power generation withCCS and the upstream process of coal production at a life-cycle perspective. LCAresults are sensitive to the type of coal used and the CO2 capture options chosen. Moreover, the models developed successfully trace the fate of elements (including tracemetals) of concern throughout the power generation, CO2 capture, transport andinjection chain. Monte Carlo simulation method combined with the LCI models wasapplied to quantify the uncertainty of emissions of concern. A novel analytical framework for the LCA of CO2 storage was also developed andapplied to a saline aquifer storage field case. The potential CO2 leakage rates werequantified and the operational and geological parameters that determine the ratio of CO2leakage total volume of CO2 injected were identified.
=538  \\$aMode of access: World Wide Web.
=710  2\$aImperial College, London.
=852  4\$aBritish Library$bDSC$cDRT$j506909
=856  40$uhttp://hdl.handle.net/10044/1/4659
=859  \\$aXLD$bEThOS
=CAT  \\$aETHOSBKLG$b00$c20111010$lBLL01$h1534
=CAT  \\$aETHOSBKLG$c20111010$lBLL01$h1607
=CAT  \\$aETHOSBKLG$c20111010$lBLL01$h1630
=CAT  \\$aBATCH$b00$c20111010$lBLL01$h1820
=CAT  \\$aBATCH-UPD$b00$c20121030$lBLL01$h1022
=CAT  \\$aWR13.117$c20130727$lBLL01$h2007
=CAT  \\$aWR13.144/5$c20140418$lBLL01$h1026
=CAT  \\$aBATCH-ETHO$b00$c20140502$lBLL01$h0138
=CAT  \\$aBATCH-ETH8$c20170506$lBLL01$h1040
=DRT  \\$aETHOS
=FIN  \\$aY$d20111010
=FMT  \\$a  BK
=LAS  \\$aBATCH-ETH8$b00$c20170506$lBLL01$h1040
=SRC  \\$aEThOS$bethos_marc_111007.mrc
=STA  \\$aSUPPRESSED$bEThOS can't supply or embargoed

