=LDR  03591 am a22004817a 4500
=001  015917826
=003  Uk
=005  20111010153431.0
=006  m\\\\\\\\d\\\\\\\\
=007  cr\|||||||||||
=008  111010s2009\\\\xxk\\\\\sbm\\\000\0\eng\\
=040  \\$aUk$beng$cUk$dUk
=082  04$a620.106$223
=100  1\$aKewcharoenwong, Prangchira.
=245  10$aLaboratory simulation of turbulent-like flows$h[electronic resource].
=260  \\$bImperial College, London,$c2009.
=300  \\$ap. :$bdigital, PDF file.
=336  \\$atext$2rdacontent
=337  \\$acomputer$2rdamedia
=338  \\$aonline resource$2rdacarrier
=502  \\$aThesis (Ph.D.)--Imperial College London, 2009.
=504  \\$aIncludes bibliographical references.
=520  3\$aMost turbulence studies up to the present are based on statistical modeling, however,the spatio-temporal flow structure of the turbulence is still largely unexplored. Tur-bulence has been established to have a multi-scale instantaneous streamline structurewhich influences the energy spectrum and other properties such as dissipation andmixing. In an attempt to further understand the fundamental nature of turbulence and itsconsequences for efficient mixing, a new class of flows, so called ?turbulent-like?, is in-troduced and its spatio-temporal structure of the flows characterised. These flows aregenerated in the laboratory using a shallow layer of brine and controlled by multi-scaleelectromagnetic forces resulting from a combination of electric current and a magneticfield created by a fractal permanent magnet distribution. These flows are laminar, yetturbulent-like, in that they have multi-scale streamline topology in the shape of ?cat?seyes? within ?cat?s eyes? (or 8?s within 8?s) similar to the known schematic streamlinestructure of two-dimensional turbulence. Unsteadiness is introduced to the flows bymeans of time-dependent electrical current. Particle Tracking Velocimetry (PTV) measurements are performed. The techniquedeveloped provides highly resolved Eulerian velocity fields in space and time. Theanalysis focuses on the impact of the forcing frequency, mean intensity and amplitudeon various Eulerian and Lagrangian properties of the flows e.g. energy spectrum andfluid element dispersion statistics. Other statistics such as the integral length and timescales are also extracted to characterise the unsteady multi-scale flows. The research outcome provides the analysis of laboratory generated unsteady multi-scale flows which are a tool for the controlled study of complex flow properties relatedto turbulence and mixing with potential applications as efficient mixers as well as ingeophysical, environmental and industrial fields.
=538  \\$aMode of access: World Wide Web.
=710  2\$aImperial College, London.
=852  4\$aBritish Library$bDSC$cDRT$j506912
=856  40$uhttp://hdl.handle.net/10044/1/4362
=859  \\$aXLD$bEThOS
=CAT  \\$aETHOSBKLG$b00$c20111010$lBLL01$h1534
=CAT  \\$aETHOSBKLG$c20111010$lBLL01$h1607
=CAT  \\$aETHOSBKLG$c20111010$lBLL01$h1630
=CAT  \\$aBATCH$b00$c20111010$lBLL01$h1820
=CAT  \\$aBATCH-UPD$b00$c20121030$lBLL01$h1022
=CAT  \\$aWR13.117$c20130727$lBLL01$h2007
=CAT  \\$aWR13.144/5$c20140418$lBLL01$h1026
=CAT  \\$aBATCH-ETHO$b00$c20140502$lBLL01$h0138
=CAT  \\$aBATCH-ETH8$c20170506$lBLL01$h1040
=DRT  \\$aETHOS
=FIN  \\$aY$d20111010
=FMT  \\$a  BK
=LAS  \\$aBATCH-ETH8$b00$c20170506$lBLL01$h1040
=SRC  \\$aEThOS$bethos_marc_111007.mrc
=STA  \\$aSUPPRESSED$bEThOS can't supply or embargoed

