=LDR  03929 am a22004697a 4500
=001  015917828
=003  Uk
=005  20111010153431.0
=006  m\\\\|\\\d\|\\\\\\
=007  cr||||||||||||
=008  100408s2009\\\\enk\\\\\sbm\\\000\0\eng\\
=040  \\$aUk$beng$cUk
=082  04$a615.1$223
=100  1\$aLappin, Sarah Crawford.
=245  10$aBiophysical and pharmacological characterisation of recombinant and native rat P2X7 receptors$h[electronic resource] /$cSarah Crawford Lappin.
=260  \\$aLondon :$bImperial College London,$c2009.
=300  \\$a214 p. :$bdigital, PDF file.
=336  \\$atext$2rdacontent
=337  \\$acomputer$2rdamedia
=338  \\$aonline resource$2rdacarrier
=502  \\$aThesis (Ph.D.)--Imperial College London, 2009.
=504  \\$aIncludes bibliographical references.
=520  3\$aP2X7 receptors exhibit a mainly non-neuronal localisation on immune and glial cells and primarily function as non-selective cation channels. After prolonged or repeated exposure to agonist, functional and cellular changes occur: the formation of a large diameter pore, cell lysis and the release of mature, biologically active interleukin-1β (IL-1β) a potent inflammatory cytokine. It is this repertoire of functions, along with its localisation that underlies the hypothesis for its involvement in pain processing. The biophysics and pharmacology of rat P2X7 receptors were investigated using stable cell lines. Increases in the current amplitude were shown to be dependent upon the agonist concentration and current deactivation was agonist application number and voltage dependent. These results increased our understanding of the receptor, but have also had implications for the design of protocols to investigate antagonist potency and efficacy. GSK31418A was identified as a potent, reversible and voltage-independent antagonist of rat and human P2X7 receptors. GSK314181A was >10000 fold selective over P2X4 receptors and >1000 fold selective over P2X2/3 receptors. GSK314181A produced a significant reversal of FCA-induced hypersensitivity when profiled in vivo, providing further validation of the role of P2X7 receptors in inflammatory pain. Although the influence of glia cells on neuronal activity in the CNS is now well documented, the role of peripheral glia, Schwann cells and satellite cells of sensory ganglia, is less well established. Non-neuronal cells in DRG cultures were shown to express P2X7 receptors by pharmacological, biophysical and immunofluorescence techniques. Native P2X7 receptors expressed on these cells were shown to have many of the properties of recombinant P2X7 receptors, in regards to the response to agonist activation and pharmacology. Finally, I have shown that Lamotrigine is an effective inhibitor of recombinant rat and human P2X7 receptors and native P2X7 receptors expressed in DRG. The potent inhibition of human P2X7 by Lamotrigine was replicated with the chemical analogue and neuroprotective agent Sipatrigine. However, little effect was recorded for a P2X7 antagonist in two models of epileptiform activity studies.
=538  \\$aMode of access: World Wide Web.
=710  2\$aImperial College, London.
=852  4\$aBritish Library$bDSC$cDRT$j506917
=856  40$uhttp://hdl.handle.net/10044/1/4360
=859  \\$aXLD$bEThOS
=CAT  \\$aETHOSBKLG$b00$c20111010$lBLL01$h1534
=CAT  \\$aETHOSBKLG$c20111010$lBLL01$h1607
=CAT  \\$aETHOSBKLG$c20111010$lBLL01$h1630
=CAT  \\$aBATCH$b00$c20111010$lBLL01$h1820
=CAT  \\$aBATCH-UPD$b00$c20121030$lBLL01$h1022
=CAT  \\$aWR13.117$c20130727$lBLL01$h2007
=CAT  \\$aWR13.144/5$c20140418$lBLL01$h1026
=CAT  \\$aBATCH-ETHO$b00$c20140502$lBLL01$h0138
=DRT  \\$aETHOS
=FIN  \\$aY$d20111010
=FMT  \\$a  BK
=LAS  \\$aBATCH-ETHO$b00$c20140502$lBLL01$h0138
=SRC  \\$aEThOS$bethos_marc_111007.mrc
=STA  \\$aSUPPRESSED$bEThOS can't supply or embargoed

