=LDR  03301 am a22004817a 4500
=001  015917854
=003  Uk
=005  20111010153431.0
=006  m\\\\\\\\d\\\\\\\\
=007  cr\|||||||||||
=008  111010s2009\\\\xxk\\\\\sbm\\\000\0\eng\\
=040  \\$aUk$beng$cUk$dUk
=082  04$a621.382$223
=100  1\$aWang, Xiao Lei.
=245  10$aSignal Processing in Arrayed MIMO Systems$h[electronic resource].
=260  \\$bImperial College, London,$c2009.
=300  \\$ap. :$bdigital, PDF file.
=336  \\$atext$2rdacontent
=337  \\$acomputer$2rdamedia
=338  \\$aonline resource$2rdacarrier
=502  \\$aThesis (Ph.D.)--Imperial College London, 2009.
=504  \\$aIncludes bibliographical references.
=520  3\$aMultiple-Input Multiple-Output (MIMO) systems, using antenna arrays at bothreceiver and transmitter, have shown great potential to provide high bandwidthutilization efficiency. Unlike other reported research on MIMO systems whichoften assumes independent antennas, in this thesis an arrayed MIMO systemframework is proposed, which provides a richer description of the channel charac-teristics and additional degrees of freedom in designing communication systems. Firstly, the spatial correlated MIMO system is studied as an array-to-arraysystem with each array (Tx or Rx) having predefined constrained aperture. TheMIMO system is completely characterized by its transmit and receive array man-ifolds and a new spatial correlation model other than Kronecker-based model isproposed. As this model is based on array manifolds, it enables the study of theeffect of array geometry on the capacity of correlated MIMO channels. Secondly, to generalize the proposed arrayed MIMO model to a frequencyselective fading scenario, the framework of uplink MIMO DS-CDMA (Direct-Sequence Code Division Multiple Access) systems is developed. DOD estimationis developed based on transmit beamrotation. A subspace-based joint DOA/TOAestimation scheme as well as various spatial temporal reception algorithms is alsoproposed. Finally, the downlink MIMO-CDMA systems in multiple-access multipath fading channels are investigated. Linear precoder and decoder optimization problemsare studied under different criterions. Optimization approaches with differentpower allocation schemes are investigated. Sub-optimization approaches withclose-form solution and thus less computation complexity are also proposed.
=538  \\$aMode of access: World Wide Web.
=710  2\$aImperial College, London.
=852  4\$aBritish Library$bDSC$cDRT$j506946
=856  40$uhttp://hdl.handle.net/10044/1/4644
=859  \\$aXLD$bEThOS
=CAT  \\$aETHOSBKLG$b00$c20111010$lBLL01$h1534
=CAT  \\$aETHOSBKLG$c20111010$lBLL01$h1607
=CAT  \\$aETHOSBKLG$c20111010$lBLL01$h1631
=CAT  \\$aBATCH$b00$c20111010$lBLL01$h1820
=CAT  \\$aBATCH-UPD$b00$c20121030$lBLL01$h1022
=CAT  \\$aWR13.117$c20130727$lBLL01$h2007
=CAT  \\$aWR13.144/5$c20140418$lBLL01$h1026
=CAT  \\$aBATCH-ETHO$b00$c20140502$lBLL01$h0138
=CAT  \\$aBATCH-ETH8$c20170506$lBLL01$h1040
=DRT  \\$aETHOS
=FIN  \\$aY$d20111010
=FMT  \\$a  BK
=LAS  \\$aBATCH-ETH8$b00$c20170506$lBLL01$h1040
=SRC  \\$aEThOS$bethos_marc_111007.mrc
=STA  \\$aSUPPRESSED$bEThOS can't supply or embargoed

