=LDR  02621 am a22004817a 4500
=001  015917857
=003  Uk
=005  20111010153431.0
=006  m\\\\\\\\d\\\\\\\\
=007  cr\|||||||||||
=008  111010s2008\\\\xxk\\\\\sbm\\\000\0\eng\\
=040  \\$aUk$beng$cUk$dUk
=082  04$a547.6$223
=100  1\$aJohns, Stephen Christopher.
=245  10$aDe Novo Synthesis of Phenols$h[electronic resource].
=260  \\$bImperial College, London,$c2008.
=300  \\$ap. :$bdigital, PDF file.
=336  \\$atext$2rdacontent
=337  \\$acomputer$2rdamedia
=338  \\$aonline resource$2rdacarrier
=502  \\$aThesis (Ph.D.)--Imperial College London, 2008.
=504  \\$aIncludes bibliographical references.
=520  3\$aThis thesis is divided into three chapters. In the first, the methods currently available for the synthesis ofphenols from acyclic precursors are reviewed. The review concentrates on methods that have been usedto form a range of phenols and is divided up according to the type of chemistry employed. The secondchapter describes the development of a novel route to phenols. Initial optimisation results are describedfirst, followed by the synthesis of a library of phenols. The majority of these have not been reportedpreviously. The attempted extension of this work to the formation of anilines, nitrobenzenes and morehighly oxygenated aromatics is also presented. Finally, work towards the synthesis of the aglycone ofpseudopterosin A is described, following a route that would utilise the phenol-forming chemistry in amore complex natural product environment. The final section details the experimental procedures usedto form the compounds described in section two, along with associated spectroscopic data.
=538  \\$aMode of access: World Wide Web.
=710  2\$aImperial College, London.
=852  4\$aBritish Library$bDSC$cDRT$j506950
=856  40$uhttp://hdl.handle.net/10044/1/4646
=859  \\$aXLD$bEThOS
=CAT  \\$aETHOSBKLG$b00$c20111010$lBLL01$h1534
=CAT  \\$aETHOSBKLG$c20111010$lBLL01$h1607
=CAT  \\$aETHOSBKLG$c20111010$lBLL01$h1631
=CAT  \\$aBATCH$b00$c20111010$lBLL01$h1820
=CAT  \\$aBATCH-UPD$b00$c20121030$lBLL01$h1022
=CAT  \\$aWR13.117$c20130727$lBLL01$h2007
=CAT  \\$aWR13.144/5$c20140418$lBLL01$h1026
=CAT  \\$aBATCH-ETHO$b00$c20140502$lBLL01$h0138
=CAT  \\$aBATCH-ETH8$c20170506$lBLL01$h1040
=DRT  \\$aETHOS
=FIN  \\$aY$d20111010
=FMT  \\$a  BK
=LAS  \\$aBATCH-ETH8$b00$c20170506$lBLL01$h1040
=SRC  \\$aEThOS$bethos_marc_111007.mrc
=STA  \\$aSUPPRESSED$bEThOS can't supply or embargoed

