=LDR  03700 am a22004817a 4500
=001  015917858
=003  Uk
=005  20111010153431.0
=006  m\\\\\\\\d\\\\\\\\
=007  cr\|||||||||||
=008  111010s2008\\\\xxk\\\\\sbm\\\000\0\eng\\
=040  \\$aUk$beng$cUk$dUk
=082  04$a631.4$223
=100  1\$aEverard, Katherine Anne.
=245  10$aSoil Moisture as a Mediator for Nitrogen Competition$h[electronic resource] :$bImplications for Species Invasion and Climate Change.
=260  \\$bImperial College, London,$c2008.
=300  \\$ap. :$bdigital, PDF file.
=336  \\$atext$2rdacontent
=337  \\$acomputer$2rdamedia
=338  \\$aonline resource$2rdacarrier
=502  \\$aThesis (Ph.D.)--Imperial College London, 2008.
=504  \\$aIncludes bibliographical references.
=520  3\$aSimple models of competition for one and two resources have been wellinvestigated for both nitrogen and water. Ecosystem models of nitrogen andwater, including their interactions are also well known, but competition andecosystem processes have rarely been considered together. Using a simpleecosystem model of the nitrogen and water cycles including the dependenceof the nitrogen cycle on soil moisture I examine the outcome of competitionfor nitrogen. This model shows that when there are species specific effectson soil moisture, the competitive outcome for nitrogen can be coexistenceor alternative stable states. The last century has seen widespread invasion of Californian grasslands byannual grasses and forbs from the southern Mediterranean region. Both nitrogenand water have been shown to be limiting in this system. The nativeperennial grasses deplete the soil moisture and nitrogen to a lower levelthan the invasive annual grasses, suggesting that natives should be bettercompetitors. Parameterising my model for a Californian grassland systemI show that in fact the invasive annual grasses are the superior competitorfor nitrogen at lower soil moisture when nitrogen competition is mediatedby soil moisture. The competitive outcome at current rainfall levels in Californiais limited to competitive exclusion by the annuals or coexistence. Climate change caused by anthropogenic emissions of CO2 is already affectingcommunities and ecosystems. Global climate models predict changes inboth mean amount and distribution of precipitation. I investigate the effectof changing precipitation distributions on both ecosystem and communityprocesses in nitrogen limited systems. There is wide variation in ecosystemresponse to increased variation in rainfall. The outcome of N competitionwas more predictable, with the best competitor at lower soil moisture beingconsistently favoured with increasing rainfall variability. This might proveanother problem in restoring native grasses in Californian grasslands.
=538  \\$aMode of access: World Wide Web.
=710  2\$aImperial College, London.
=852  4\$aBritish Library$bDSC$cDRT$j506951
=856  40$uhttp://hdl.handle.net/10044/1/4651
=859  \\$aXLD$bEThOS
=CAT  \\$aETHOSBKLG$b00$c20111010$lBLL01$h1534
=CAT  \\$aETHOSBKLG$c20111010$lBLL01$h1607
=CAT  \\$aETHOSBKLG$c20111010$lBLL01$h1631
=CAT  \\$aBATCH$b00$c20111010$lBLL01$h1820
=CAT  \\$aBATCH-UPD$b00$c20121030$lBLL01$h1022
=CAT  \\$aWR13.117$c20130727$lBLL01$h2007
=CAT  \\$aWR13.144/5$c20140418$lBLL01$h1026
=CAT  \\$aBATCH-ETHO$b00$c20140502$lBLL01$h0138
=CAT  \\$aBATCH-ETH8$c20170506$lBLL01$h1040
=DRT  \\$aETHOS
=FIN  \\$aY$d20111010
=FMT  \\$a  BK
=LAS  \\$aBATCH-ETH8$b00$c20170506$lBLL01$h1040
=SRC  \\$aEThOS$bethos_marc_111007.mrc
=STA  \\$aSUPPRESSED$bEThOS can't supply or embargoed

