=LDR  03531 am a22004817a 4500
=001  015917859
=003  Uk
=005  20111010153431.0
=006  m\\\\\\\\d\\\\\\\\
=007  cr\|||||||||||
=008  111010s2008\\\\xxk\\\\\sbm\\\000\0\eng\\
=040  \\$aUk$beng$cUk$dUk
=082  04$a541.3$223
=100  1\$aShuttle, Christopher G.
=245  10$aRecombination dynamics in polythiophene$h[electronic resource] :$bfullerene solar cells.
=260  \\$bImperial College, London,$c2008.
=300  \\$ap. :$bdigital, PDF file.
=336  \\$atext$2rdacontent
=337  \\$acomputer$2rdamedia
=338  \\$aonline resource$2rdacarrier
=502  \\$aThesis (Ph.D.)--Imperial College London, 2008.
=504  \\$aIncludes bibliographical references.
=520  3\$aOrganic devices based on polymer:fullerene blend films are attracting extensiveinterest as low cost solar cells, with power conversion efficiencies over 5%.Improvements in performance are dependent on developing a better understanding ofthe pertinent loss processes. This in turn requires the ability to reliably determinecharge densities (n) and carrier lifetimes (?n) in real devices under standard operatingconditions. In this thesis, we address the recombination dynamics in organic solarcells based on blends of poly(3-hexylthiophene) (P3HT) and methanofullerene [6,6]-phenyl C61-butyric acid methyl ester (PCBM), P3HT:PCBM devices, one of the bestdevices to date, using both experimental and modelling studies. Initially, a drift-diffusion model was used to study the basic principles of solar celloperation, with particular focus on investigating the ?corrected photocurrent?, wherethe effects of dark injection are removed. We then have employed a series ofexperimental techniques ? including transient photovoltage and photocurrent,transient absorption spectroscopy and charge extraction ? to determine the carrierlifetimes and charge densities in standard annealed P3HT:PCBM devices underoperation. The results of our studies for a device under open-circuit conditions showthat the open-circuit voltage (Voc) is primarily governed by a trap dependentbimolecular recombination process. By applying charge extraction studies on devicesunder forward bias in the dark, we show that the dark current is also governed by thesame trap dependent bimolecular recombination mechanism which determines Voc. Based on the understanding of charge carrier dynamics at Voc and the forward biasdark current, a simple model has been developed to simulate ?light? current-voltage(J-V) curves. Despite the simplicity of this model, remarkably good agreement wasobserved with experimental J-V data.
=538  \\$aMode of access: World Wide Web.
=710  2\$aImperial College, London.
=852  4\$aBritish Library$bDSC$cDRT$j506952
=856  40$uhttp://hdl.handle.net/10044/1/4652
=859  \\$aXLD$bEThOS
=CAT  \\$aETHOSBKLG$b00$c20111010$lBLL01$h1534
=CAT  \\$aETHOSBKLG$c20111010$lBLL01$h1607
=CAT  \\$aETHOSBKLG$c20111010$lBLL01$h1631
=CAT  \\$aBATCH$b00$c20111010$lBLL01$h1820
=CAT  \\$aBATCH-UPD$b00$c20121030$lBLL01$h1022
=CAT  \\$aWR13.117$c20130727$lBLL01$h2007
=CAT  \\$aWR13.144/5$c20140418$lBLL01$h1026
=CAT  \\$aBATCH-ETHO$b00$c20140502$lBLL01$h0138
=CAT  \\$aBATCH-ETH8$c20170506$lBLL01$h1040
=DRT  \\$aETHOS
=FIN  \\$aY$d20111010
=FMT  \\$a  BK
=LAS  \\$aBATCH-ETH8$b00$c20170506$lBLL01$h1040
=SRC  \\$aEThOS$bethos_marc_111007.mrc
=STA  \\$aSUPPRESSED$bEThOS can't supply or embargoed

