=LDR  03780 am a22004937a 4500
=001  015917863
=003  Uk
=005  20111010153431.0
=006  m\\\\\\\\d\\\\\\\\
=007  cr\|||||||||||
=008  111010s2008\\\\xxk\\\\\sbm\\\000\0\eng\\
=040  \\$aUk$beng$cUk$dUk
=082  04$a550$223
=100  1\$aCobden, Laura Jacqueline.
=245  10$aGeophysical Inverse Modelling of the Internal Structure of the Sun and the Earth$h[electronic resource].
=260  \\$bImperial College, London,$c2008.
=300  \\$ap. :$bdigital, PDF file.
=336  \\$atext$2rdacontent
=337  \\$acomputer$2rdamedia
=338  \\$aonline resource$2rdacarrier
=502  \\$aThesis (Ph.D.)--Imperial College London, 2008.
=504  \\$aIncludes bibliographical references.
=520  3\$aSeismology is arguably the most powerful technique for probing the interior of planetary bodies. On the Sun, this is a relatively new field (helioseismology), in which cross-correlation is used to extract coherent signals from random seismic noise. Here, I test the validity of the cross-correlation technique. The structure of the cross-correlated signal is only marginally different from the uncorrelated signal of a single source. However, large amounts of data must be averaged in order to produce a clear signal. A comparison of travel-time tomography utilising the cross-correlation approach, with wave field tomography, which need not require cross-correlation of data, indicates that structures can be imaged to higher resolution - both spatially and quantitatively - using the latter approach. On the Earth, extensive seismic imaging has already been done, and we move towards interpretation of seismic structure in terms of temperature and composition. Deviations from a radially-symmetric spherical structure amount to only a few percent. However, even for this background structure, thermochemical interpretation is debated. Here, I test, for the mantle between 250 and 2500 km depth, the compatibility of potential 1-D thermochemical structures, with a range of seismic data. Furthermore, I account for the large uncertainties in the conversion from thermo-chemical to seismic structure, using a thermodynamic approach that determines phase relations, elastic parameters, density and anelasticity. In the upper mantle, the data require significant change in average chemical composition with depth, most likely due to 3-D chemical heterogeneity, especially around 660 km. In the lower mantle, clarification of the values of temperature and pressure derivatives of the mineral elastic moduli would be necessary to constrain tightly the average thermochemical structure. A superadiabatic temperature gradient, plus a change in composition with depth, may provide a better fit to the data than the commonly-assumed homogeneous, adiabatic pyrolite profile.
=536  \\$aSponsored by: Janet Watson Scholarship
=538  \\$aMode of access: World Wide Web.
=710  2\$aImperial College, London.
=852  4\$aBritish Library$bDSC$cDRT$j506956
=856  40$uhttp://hdl.handle.net/10044/1/4654
=859  \\$aXLD$bEThOS
=CAT  \\$aETHOSBKLG$b00$c20111010$lBLL01$h1534
=CAT  \\$aETHOSBKLG$c20111010$lBLL01$h1607
=CAT  \\$aETHOSBKLG$c20111010$lBLL01$h1631
=CAT  \\$aBATCH$b00$c20111010$lBLL01$h1821
=CAT  \\$aBATCH-UPD$b00$c20121030$lBLL01$h1022
=CAT  \\$aWR13.117$c20130727$lBLL01$h2007
=CAT  \\$aWR13.144/5$c20140418$lBLL01$h1026
=CAT  \\$aBATCH-ETHO$b00$c20140502$lBLL01$h0138
=CAT  \\$aBATCH-ETH8$c20170506$lBLL01$h1040
=DRT  \\$aETHOS
=FIN  \\$aY$d20111010
=FMT  \\$a  BK
=LAS  \\$aBATCH-ETH8$b00$c20170506$lBLL01$h1040
=SRC  \\$aEThOS$bethos_marc_111007.mrc
=STA  \\$aSUPPRESSED$bEThOS can't supply or embargoed

