=LDR  03618 am a22004697a 4500
=001  015917864
=003  Uk
=005  20111010153431.0
=006  m\\\\\\\\d\\\\\\\\
=007  cr\|||||||||||
=008  101031s2008\\\\xxk\\\\\sbm\\\000\0\eng\\
=040  \\$aUk$beng$cUk
=082  04$a615.19$223
=100  1\$aJohnston, Louise.
=245  10$aTranscutaneous immunisation with antigens derived from tetanus toxin$h[electronic resource].
=260  \\$bImperial College London,$c2008.
=300  \\$ap. :$bdigital, PDF file.
=336  \\$atext$2rdacontent
=337  \\$acomputer$2rdamedia
=338  \\$aonline resource$2rdacarrier
=502  \\$aThesis (Ph.D.)--Imperial College London, 2008.
=504  \\$aIncludes bibliographical references.
=520  3\$aTranscutaneous immunisation (TCI) is a novel needle-free method of vaccine delivery, which involves the application of soluble antigens onto the surface of intact skin. In this thesis, the immunogenicity and neutralising potency of tetanus neurotoxin (TeNT) fragments were compared to that of tetanus toxoid (TTxd) following TCI. In addition, to understand the mechanisms of induction of immune response by TCI, in vitro and in vivo interaction of tetanus proteins with skin immune cells was also investigated. The 50kDa recombinant carboxyl-terminal fragment of tetanus toxin (HCWT) and a 50kDa HC mutant(HCM115) which is devoid of neuronal binding properties, were expressed and purified by affinity chromatography, and excess endotoxin removed by size exclusion chromatography. Mice immunized with HCWT, in the absence of adjuvant, induced the highest anti-toxoid and anti-HCWT antibody titers, with significant increases in the toxin neutralising antibody response when compared with TTxd. In vitro studies demonstrated that both HC fragments and TTxd were capable of up regulating the surface expression of activation marker ICAM-1 on murine bone-marrow derived dendritic cells (DC), but not on the human keratinocyte cell line HaCaT. Real-time reverse transcriptase-PCR (RealtimeRT-PCR) analysis showed that TNF-α expression was up regulated in vivo as early as 10 minutes following TCI, and this was caused by shaving rather than by tetanus proteins themselves. Immunohistochemistry staining to monitor the translocation of HCWT fragment and TTxd through the skin following TCI showed that HCWT protein could be detected in both the epidermis and dermis within four hours post-application. However, TTxd translocation appeared to be much slower in comparison. Collectively, the results presented in this thesis suggest that TCI may provide an opportunity for effective delivery of toxin-like antigens, which harbor protective epitopes and that traditional toxoid proteins may not be optimal antigens for skin immunisation.
=538  \\$aMode of access: World Wide Web.
=710  2\$aImperial College, London.
=852  4\$aBritish Library$bDSC$cDRT$j506957
=856  40$uhttp://hdl.handle.net/10044/1/4657
=859  \\$aXLD$bEThOS
=CAT  \\$aETHOSBKLG$b00$c20111010$lBLL01$h1534
=CAT  \\$aETHOSBKLG$c20111010$lBLL01$h1607
=CAT  \\$aETHOSBKLG$c20111010$lBLL01$h1631
=CAT  \\$aBATCH$b00$c20111010$lBLL01$h1821
=CAT  \\$aBATCH-UPD$b00$c20121030$lBLL01$h1022
=CAT  \\$aWR13.117$c20130727$lBLL01$h2007
=CAT  \\$aWR13.144/5$c20140418$lBLL01$h1026
=CAT  \\$aBATCH-ETHO$b00$c20140502$lBLL01$h0138
=DRT  \\$aETHOS
=FIN  \\$aY$d20111010
=FMT  \\$a  BK
=LAS  \\$aBATCH-ETHO$b00$c20140502$lBLL01$h0138
=SRC  \\$aEThOS$bethos_marc_111007.mrc
=STA  \\$aSUPPRESSED$bEThOS can't supply or embargoed

