=LDR  04186 am a22004697a 4500
=001  015917866
=003  Uk
=005  20111010153431.0
=006  m\\\\|\\\d\|\\\\\\
=007  cr||||||||||||
=008  100408s2009\\\\enk\\\\\sbm\\\000\0\eng\\
=040  \\$aUk$beng$cUk
=082  04$a572$223
=100  1\$aGranger, David William.
=245  10$aCharacterisation of a novel nuclear receptor-like protein$h[electronic resource] /$cDavid William Granger.
=260  \\$aLondon :$bImperial College London,$c2009.
=300  \\$ap. :$bdigital, PDF file.
=336  \\$atext$2rdacontent
=337  \\$acomputer$2rdamedia
=338  \\$aonline resource$2rdacarrier
=502  \\$aThesis (Ph.D.)--Imperial College London, 2009.
=504  \\$aIncludes bibliographical references.
=520  3\$aA genome threading algorithm was employed by Inpharmatica to identify a number of proteins with a predicted structure similar to that of the ligand binding domain (LBD) of nuclear receptors (NRs), an approach that has been successfully used to annotate the yeast transcription factor Oaf1 (Phelps et al, 2006). This work focuses on one such protein termed NR3, which is identical to TRPC4AP or TRUSS, a protein proposed to function as a scaffold protein in cell signalling processes and as a cell cycle regulator. It is conceivable that NR3 does not function as a transcription factor in contrast to bona fide NRs and that the putative LBD may function as an allosteric switch to control functional activity. To investigate the idea that NR3 may possess a fold similar to the LBD of NRs preliminary structural work has been undertaken, which has suggested the putative LBD folds into an autonomous domain as it is region resistant to proteolysis. In addition, the potential role of the putative LBD fold as a molecular switch was examined by using constitutively active fusion proteins in reporter gene assays. It was determined that the putative NR3 LBD acts in a repressive manner, potentially due to the alteration in subcellular localisation exerted by the putative NR3 LBD on the fusion protein. To further assess the role of the putative LBD a ligand screen was undertaken to identify compounds that may reduce its repressive activity, however no ligand was identified and it is conceivable NR3 may act in a ligand independent manner similar to some orphan receptors. Initial analysis of NR3 function indicates that its expression may have a positive effect on cell proliferation. To further assess the role of NR3 protein interaction assays were established to screen for binding partners. This identified the E3 ubiquitin ligase component DNA damage-binding protein 1 (DDB1) as an interacting protein involved in the regulation of cell cycle progression and DNA repair. Mapping studies suggest NR3 binds to the substrate docking site of DDB1 and further analysis showed NR3 to be ubiquitinated, affecting the stability of the protein. It is reported that the arylhydrocarbon receptor binds to a DDB1 complex, which then acts as a ligand regulated E3 ubiquitin ligase complex (Ohtake et al, 2007). This raises the possibility that NR3 may act in functionally analogous manner. To address NR3 function within the whole organism a targeting vector designed to inactivate the NR3 gene has been generated and currently a conditional knockout mouse line are being bred.
=538  \\$aMode of access: World Wide Web.
=710  2\$aImperial College, London.
=852  4\$aBritish Library$bDSC$cDRT$j506959
=856  40$uhttp://hdl.handle.net/10044/1/4658
=859  \\$aXLD$bEThOS
=CAT  \\$aETHOSBKLG$b00$c20111010$lBLL01$h1534
=CAT  \\$aETHOSBKLG$c20111010$lBLL01$h1607
=CAT  \\$aETHOSBKLG$c20111010$lBLL01$h1631
=CAT  \\$aBATCH$b00$c20111010$lBLL01$h1821
=CAT  \\$aBATCH-UPD$b00$c20121030$lBLL01$h1022
=CAT  \\$aWR13.117$c20130727$lBLL01$h2007
=CAT  \\$aWR13.144/5$c20140418$lBLL01$h1026
=CAT  \\$aBATCH-ETHO$b00$c20140502$lBLL01$h0138
=DRT  \\$aETHOS
=FIN  \\$aY$d20111010
=FMT  \\$a  BK
=LAS  \\$aBATCH-ETHO$b00$c20140502$lBLL01$h0138
=SRC  \\$aEThOS$bethos_marc_111007.mrc
=STA  \\$aSUPPRESSED$bEThOS can't supply or embargoed

