=LDR  03678 am a22004937a 4500
=001  015917868
=003  Uk
=005  20111010153431.0
=006  m\\\\\\\\d\\\\\\\\
=007  cr\|||||||||||
=008  111010s2008\\\\xxk\\\\\sbm\\\000\0\eng\\
=040  \\$aUk$beng$cUk$dUk
=082  04$a662$223
=100  1\$aClague, Ralph.
=245  14$aThe Probability of Failure of Solid Oxide Fuel Cells by the Integrated Modelling of Multiple Physical Processes$h[electronic resource].
=260  \\$bImperial College, London,$c2008.
=300  \\$ap. :$bdigital, PDF file.
=336  \\$atext$2rdacontent
=337  \\$acomputer$2rdamedia
=338  \\$aonline resource$2rdacarrier
=502  \\$aThesis (Ph.D.)--Imperial College London, 2008.
=504  \\$aIncludes bibliographical references.
=520  3\$aA three dimensional, coupled computational fluid dynamics and finite element model of a single, anode supported solid oxide fuel cell has been developed in order to predict the probability of failure of the ceramic components subjected to an idealised operating duty cycle. The duty cycle represents cooling from sintering, warming to a uniform temperature of 800°C where anode chemical reduction takes place, operation at low, medium and high power and finally cooling to room temperature. The Star CDTM computational fluid dynamics code provided the platform to determine the temperature distribution throughout the operating fuel cell by solving the conservation equations for energy, mass and momentum, with additional subroutines written to account for species transport, electrochemical reactions and heat generation. An Abaqus™ finite element model used the temperature distribution predicted by the computational fluid dynamics model at low, medium and high power to solve for the thermal stress distribution for individual cases and throughout the duty cycle. The finite element model included the effects of thermal expansion, residual stress from manufacture, material properties changes due to chemical reduction of the anode and viscoplastic creep. The maximum principal stress in the anode support layer at 800°C and low, medium and high power was found to be 5.0, 26.5, 33.2 and 39.8 MPa respectively. The stress analysis results were used to determine the time independent and time-dependent (accounting for sub-critical crack growth) probability of failure, and showed that over the duty cycle sub-critical crack growth significantly increased the predicted probability of failure in the anode support layer from less than 1 x 10⁻¹² to 0.54, and in the cathode layer from 1.28 x 10⁻⁵ to 1.24 x 10⁻³. The probability of failure of SOFC ceramic components is thus shown to be both time and history dependent.
=536  \\$aSponsored by: EPSRC and Supergen Consortium
=538  \\$aMode of access: World Wide Web.
=710  2\$aImperial College, London.
=852  4\$aBritish Library$bDSC$cDRT$j506961
=856  40$uhttp://hdl.handle.net/10044/1/4655
=859  \\$aXLD$bEThOS
=CAT  \\$aETHOSBKLG$b00$c20111010$lBLL01$h1534
=CAT  \\$aETHOSBKLG$c20111010$lBLL01$h1607
=CAT  \\$aETHOSBKLG$c20111010$lBLL01$h1631
=CAT  \\$aBATCH$b00$c20111010$lBLL01$h1821
=CAT  \\$aBATCH-UPD$b00$c20121030$lBLL01$h1022
=CAT  \\$aWR13.117$c20130727$lBLL01$h2007
=CAT  \\$aWR13.144/5$c20140418$lBLL01$h1026
=CAT  \\$aBATCH-ETHO$b00$c20140502$lBLL01$h0138
=CAT  \\$aBATCH-ETH8$c20170506$lBLL01$h1040
=DRT  \\$aETHOS
=FIN  \\$aY$d20111010
=FMT  \\$a  BK
=LAS  \\$aBATCH-ETH8$b00$c20170506$lBLL01$h1040
=SRC  \\$aEThOS$bethos_marc_111007.mrc
=STA  \\$aSUPPRESSED$bEThOS can't supply or embargoed

