=LDR  03496 am a22004697a 4500
=001  015917870
=003  Uk
=005  20111010153431.0
=006  m\\\\|\\\d\|\\\\\\
=007  cr||||||||||||
=008  100407s2009\\\\enk\\\\\sbm\\\000\0\eng\\
=040  \\$aUk$beng$cUk
=082  04$a616.9$223
=100  1\$aFahy, Aodhnait Síle.
=245  10$aCharacterisation of the Vaccinia virus protein, C16, and its role in infection$h[electronic resource] /$cAodhnait Síle Fahy.
=260  \\$aLondon :$bImperial College London,$c2009.
=300  \\$a258 p. :$bdigital, PDF file.
=336  \\$atext$2rdacontent
=337  \\$acomputer$2rdamedia
=338  \\$aonline resource$2rdacarrier
=502  \\$aThesis (Ph.D.)--Imperial College London, 2009.
=504  \\$aIncludes bibliographical references.
=520  3\$aCharacterisation and manipulation of Vaccinia virus (VACV) immunomodulators is important for engineering recombinant VACV vaccines with enhanced immunogenicity. To this end, the goal of this study was to characterise the putative immunomodulator, C16, a protein of interest due to proposed similarity to the interleukin 1 receptor antagonist protein. C16 is a highly conserved, early protein of approximately 37 kDa that actively shuttles between the cytoplasm and nucleus in transfected and infected cells. In order to study the function of C16, a VACV mutant lacking the C16L gene (vΔC16) and a revertant virus wherein the gene was reinserted into the deletion mutant (vC16Rev) were constructed. In cell culture, vΔC16 had similar replication kinetics to wild type and revertant control viruses, but formed a smaller plaque. The loss of C16 led to a significantly attenuated phenotype in a murine intranasal model of infection that was characterised by reduced weight-loss and signs of illness. While virus titres between the virus sets were comparable in the initial days of infection, virus titres of vΔC16 dropped more rapidly over the course of the infection. In vΔC16-infected mice there was also an accelerated recruitment and activation of lymphocytes. In contrast, there was no significant difference in the murine intradermal model of infection. Furthermore, the omission of C16 did not decrease the efficacy of protective vaccination. The attenuation of vΔC16 in vivo may be due to the effect of C16 on IL-6 production which has been demonstrated in vitro and in vivo. This is reminiscent of one of the functions of IL-1Ra though the precise mechanism of this downregulation of IL-6 by C16 remains to be determined. C16 also downregulates ISRE-dependent gene expression, via a mechanism independent of STAT1 but which may involve p38 MAPK.
=538  \\$aMode of access: World Wide Web.
=710  2\$aImperial College, London.
=852  4\$aBritish Library$bDSC$cDRT$j506963
=856  40$uhttp://hdl.handle.net/10044/1/4656
=859  \\$aXLD$bEThOS
=CAT  \\$aETHOSBKLG$b00$c20111010$lBLL01$h1534
=CAT  \\$aETHOSBKLG$c20111010$lBLL01$h1607
=CAT  \\$aETHOSBKLG$c20111010$lBLL01$h1631
=CAT  \\$aBATCH$b00$c20111010$lBLL01$h1821
=CAT  \\$aBATCH-UPD$b00$c20121030$lBLL01$h1022
=CAT  \\$aWR13.117$c20130727$lBLL01$h2007
=CAT  \\$aWR13.144/5$c20140418$lBLL01$h1026
=CAT  \\$aBATCH-ETHO$b00$c20140502$lBLL01$h0138
=DRT  \\$aETHOS
=FIN  \\$aY$d20111010
=FMT  \\$a  BK
=LAS  \\$aBATCH-ETHO$b00$c20140502$lBLL01$h0138
=SRC  \\$aEThOS$bethos_marc_111007.mrc
=STA  \\$aSUPPRESSED$bEThOS can't supply or embargoed

