=LDR  03775 am a22004937a 4500
=001  015919084
=003  Uk
=005  20111010153443.0
=006  m\\\\\\\\d\\\\\\\\
=007  cr\|||||||||||
=008  111010s2009\\\\xxk\\\\\sbm\\\000\0\eng\\
=040  \\$aUk$beng$cUk$dUk
=082  04$a520$223
=100  1\$aBillingham, Laurence.
=245  10$aUpstream Transients at Planetary Bow Shocks$h[electronic resource].
=260  \\$bImperial College, London,$c2009.
=300  \\$ap. :$bdigital, PDF file.
=336  \\$atext$2rdacontent
=337  \\$acomputer$2rdamedia
=338  \\$aonline resource$2rdacarrier
=502  \\$aThesis (Ph.D.)--University of London - Imperial College London, 2009.
=504  \\$aIncludes bibliographical references.
=520  3\$aKinetic processes occurring upstream of planetary bow shocks can greatly perturb the magnetosphere-striking solar wind. Collisionless shocks are highly non-linear systems with complicated feedback mechanisms. Transient events form part of the growing evidence that shocks are highly variable and far more complex than a large-scale quasi-static picture would suggest. In this thesis we survey Cluster magnetic field, thermal ion, and energetic particle observations upstream of Earth's bow shock to investigate events known as foreshock cavities. Foreshock cavities exhibit depressions in magnetic field magnitude and thermal ion density, associated with enhanced fluxes of energetic ions. Two models of foreshock cavity formation exist and we attempt to discriminate between them. Cavities are found in all parts of the Cluster orbit upstream of the bow shock but preferentially in fast, moderate magnetic field strength solar wind streams. Localising foreshock cavity observations in a coordinate system organised by physical processes in the foreshock, reveals a systematic change in foreshock cavity location with the cone angle between the solar wind flow and magnetic field. At low (high) cone angles foreshock cavities are observed outside (inside) the expected boundary of the intermediate ion foreshock. This result favours a model of foreshock cavities as isolated bundles of magnetic flux preferentially filled with energetic particles. We present a case study locating an isolated foreshock cavity precisely with respect to measured bow shock position. We use Cluster's multispacecraft nature to constrain the cavity extent. Associated particle populations are studied in detail. A second case study is shown to coincide with a transition from the deep ion foreshock to the electron foreshock. This event has some features expected from the new model of cavities as brief encounters with a spatial boundary in the global foreshock. Finally, we present the first observations of explosive events resembling Hot Flow Anomalies near Saturn's bow shock.
=536  \\$aSponsored by: Science and Technology Facilities Council
=538  \\$aMode of access: World Wide Web.
=710  2\$aImperial College, London.
=852  4\$aBritish Library$bDSC$cDRT$j508325
=856  40$uhttp://hdl.handle.net/10044/1/4693
=859  \\$aXLD$bEThOS
=CAT  \\$aETHOSBKLG$b00$c20111010$lBLL01$h1534
=CAT  \\$aETHOSBKLG$c20111010$lBLL01$h1607
=CAT  \\$aETHOSBKLG$c20111010$lBLL01$h1631
=CAT  \\$aBATCH$b00$c20111010$lBLL01$h1821
=CAT  \\$aBATCH-UPD$b00$c20121030$lBLL01$h1022
=CAT  \\$aWR13.117$c20130727$lBLL01$h2007
=CAT  \\$aWR13.144/5$c20140418$lBLL01$h1026
=CAT  \\$aBATCH-ETHO$b00$c20140502$lBLL01$h0139
=CAT  \\$aBATCH-ETH8$c20170506$lBLL01$h1040
=DRT  \\$aETHOS
=FIN  \\$aY$d20111010
=FMT  \\$a  BK
=LAS  \\$aBATCH-ETH8$b00$c20170506$lBLL01$h1040
=SRC  \\$aEThOS$bethos_marc_111007.mrc
=STA  \\$aSUPPRESSED$bEThOS can't supply or embargoed

