=LDR  03807 am a22004937a 4500
=001  015919088
=003  Uk
=005  20111010153443.0
=006  m\\\\\\\\d\\\\\\\\
=007  cr\|||||||||||
=008  111010s2009\\\\xxk\\\\\sbm\\\000\0\eng\\
=040  \\$aUk$beng$cUk$dUk
=082  04$a631.4$223
=100  1\$aAdu-Acheampong, Richard Kwame.
=245  10$aPathogen diversity and host resistance in dieback disease of cocoa caused by Fusarium decemcellulare and Lasiodiplodia theobromae$h[electronic resource].
=260  \\$bImperial College, London,$c2009.
=300  \\$ap. :$bdigital, PDF file.
=336  \\$atext$2rdacontent
=337  \\$acomputer$2rdamedia
=338  \\$aonline resource$2rdacarrier
=502  \\$aThesis (Ph.D.)--Imperial College London, 2009.
=504  \\$aIncludes bibliographical references.
=520  3\$aDieback disease caused by Fusarium and Lasiodiplodia species is a major threat to cocoa production in Ghana and elsewhere in West Africa. Current recommendations involve insecticide application to control mirid bugs whose feeding punctures provide entry points for these fungi. Little is known about the true identity of the causal pathogens of this disease. Earlier work implicated F. decemcellulare as the causal agent and more rarely L. theobromae (Cotterell, 1927; Crowdy, 1947). A total of 117 single spore fungal cultures was established from diseased cocoa stems imported from Ghana. On morphological grounds cultures could be designated as either Fusarium or Lasiodiplodia spp. The Fusarium cultures exhibited inter-isolate variability with respect to macroscopic appearance and macro-conidium morphology, suggesting the presence of more than a single species. The isolates were further characterised by PCR amplification and sequencing of the ITS region of rDNA and comparison with authentic reference cultures. Thirty-seven Fusarium isolates were identified to twenty F. chlamydosporum, nine F. solani and four isolates each of F. oxysporum and F. proliferatum. The thirty-six Lasiodiplodia isolates were identified to two species, twenty-seven L. pseudotheobromae and nine L. theobromae. In pathogenicity tests, F.chlamydosporum, F. oxysporum, F. proliferatum, F. solani and L. pseudotheobromae, previously unknown as pathogens of either cocoa or any member of the Malvaceae, caused significant wilting and dieback in Amelonado seedlings similar to that observed in the field. All isolates exhibited optimal growth at 30 °C on PDA. Disease incidence in 29 and 15 cocoa germplasm lines in the laboratory and greenhouse, respectively, showed reproducible differences in their reaction to necrotic lesion and dieback infection. LCTEEN 37/F was one of the most susceptible genotypes. CATIE1000, T85/799 and MXC 67 were the most tolerant and could be used in cocoa breeding programmes for resistance to dieback.
=536  \\$aSponsored by: Commonwealth Scholarships Commission, U.K.
=538  \\$aMode of access: World Wide Web.
=710  2\$aImperial College, London.
=852  4\$aBritish Library$bDSC$cDRT$j508329
=856  40$uhttp://hdl.handle.net/10044/1/4670
=859  \\$aXLD$bEThOS
=CAT  \\$aETHOSBKLG$b00$c20111010$lBLL01$h1534
=CAT  \\$aETHOSBKLG$c20111010$lBLL01$h1607
=CAT  \\$aETHOSBKLG$c20111010$lBLL01$h1631
=CAT  \\$aBATCH$b00$c20111010$lBLL01$h1821
=CAT  \\$aBATCH-UPD$b00$c20121030$lBLL01$h1022
=CAT  \\$aWR13.117$c20130727$lBLL01$h2007
=CAT  \\$aWR13.144/5$c20140418$lBLL01$h1026
=CAT  \\$aBATCH-ETHO$b00$c20140502$lBLL01$h0139
=CAT  \\$aBATCH-ETH8$c20170506$lBLL01$h1040
=DRT  \\$aETHOS
=FIN  \\$aY$d20111010
=FMT  \\$a  BK
=LAS  \\$aBATCH-ETH8$b00$c20170506$lBLL01$h1040
=SRC  \\$aEThOS$bethos_marc_111007.mrc
=STA  \\$aSUPPRESSED$bEThOS can't supply or embargoed

