=LDR  04260 am a22004937a 4500
=001  015919091
=003  Uk
=005  20111010153443.0
=006  m\\\\\\\\d\\\\\\\\
=007  cr\|||||||||||
=008  111010s2009\\\\xxk\\\\\sbm\\\000\0\eng\\
=040  \\$aUk$beng$cUk$dUk
=082  04$a520$223
=100  1\$aThorne, Claire.
=245  10$aCharacterisation and Calibration of ZEPLIN III - A Dark Matter Detector$h[electronic resource].
=260  \\$bImperial College, London,$c2009.
=300  \\$a260 p. :$bdigital, PDF file.
=336  \\$atext$2rdacontent
=337  \\$acomputer$2rdamedia
=338  \\$aonline resource$2rdacarrier
=502  \\$aThesis (Ph.D.)--Imperial College London, 2009.
=504  \\$aIncludes bibliographical references.
=520  3\$aThe ZEPLIN III liquid xenon dark matter detector is designed to potentially discover the WIMP - a supersymmetric galactic dark matter candidate. This thesis presents experimental results of the ZEPLIN III commissioning studies, in preparation for the first and second underground science runs. Data acquired on the surface, at the Imperial College London laboratories, were used to characterise the instrument's response in terms of light yield (LY) and single photoelectron (SPE) spectra. A zero-field LY was measured as 7.42±0.37phe/keV and 18.12±0.91 phe/keV in dedicated single- and dual-phase high yieldconfigurations, respectively, consistent with Monte Carlo simulations. Mean SPEmeasured pulse areas ranged from 41.78±1.55 Vps to 52.37±1.59 Vps, dependingon the method employed. A 3-D position reconstruction was verified and, significantly,no evidence of a potentially-contaminating background -population wasobserved. This study directly lead to critical development of the DAQ software andhardware configuration. The PMT array was confirmed as responsive and, crucially,the particle discrimination principle was demonstrated. Zero-field LYs of (4.6-4.7)±0.5 phe/keV were recovered from the centre of the chamber, exceeding simulationpredictions. With-field (3.01 kV/cm in the liquid) LYs of (1.2-1.8) ±0.3 phe/keVfrom the liquid scintillation (S1) and an electroluminescence yield (S2) of (98-140)±35 phe/keV from the gas phase were also determined. ZEPLIN III was deployed in the Boulby Underground Laboratory, UK and demonstratedsuccessful operation at high field (up to 3.79 kV/cm in the liquid), in situ. An alternative Poisson method for obtaining single photoelectron distributions wasdeveloped by the ZEPLIN collaboration. The origin of long- events in surfacedata was investigated and ultimately resolved as an artefact of early versions ofthe data reduction software. An S1 zero-field LY of 4.72±0.10 phe/keV, obtainedwith a 57Co external source, was recovered for the centre of the chamber. The instrument's energy resolution was evaluated and a novel parameterisation approach,developed by the author, yielded σ=1.08±0.06p E(keV) with a dominant stochastic term. A 'flat-fielding' method was established, proving to minimise the resolution significantly, yielding 8.6% and 7.3% for S1 and S2, respectively, in the fiducialised anti-correlated energy channel. This flat-fielding recipe, along with construction of the light collection correction matrices, formed the basis of the final procedures subsequently applied to first science run data-sets.
=536  \\$aSponsored by: STFC
=538  \\$aMode of access: World Wide Web.
=710  2\$aImperial College, London.
=852  4\$aBritish Library$bDSC$cDRT$j508332
=856  40$uhttp://hdl.handle.net/10044/1/4662
=859  \\$aXLD$bEThOS
=CAT  \\$aETHOSBKLG$b00$c20111010$lBLL01$h1534
=CAT  \\$aETHOSBKLG$c20111010$lBLL01$h1607
=CAT  \\$aETHOSBKLG$c20111010$lBLL01$h1631
=CAT  \\$aBATCH$b00$c20111010$lBLL01$h1821
=CAT  \\$aBATCH-UPD$b00$c20121030$lBLL01$h1022
=CAT  \\$aWR13.117$c20130727$lBLL01$h2007
=CAT  \\$aWR13.144/5$c20140418$lBLL01$h1026
=CAT  \\$aBATCH-ETHO$b00$c20140502$lBLL01$h0139
=CAT  \\$aBATCH-ETH8$c20170506$lBLL01$h1040
=DRT  \\$aETHOS
=FIN  \\$aY$d20111010
=FMT  \\$a  BK
=LAS  \\$aBATCH-ETH8$b00$c20170506$lBLL01$h1040
=SRC  \\$aEThOS$bethos_marc_111007.mrc
=STA  \\$aSUPPRESSED$bEThOS can't supply or embargoed

