=LDR  03707 am a22004817a 4500
=001  015919092
=003  Uk
=005  20111010153443.0
=006  m\\\\\\\\d\\\\\\\\
=007  cr\|||||||||||
=008  111010s2009\\\\xxk\\\\\sbm\\\000\0\eng\\
=040  \\$aUk$beng$cUk$dUk
=082  04$a631.8$223
=100  1\$aGarratt, Michael P. D.
=245  10$aCrops, Insect Pests and Natural Enemies$h[electronic resource] :$bEffects of Organic and Conventional Fertilisers.
=260  \\$bImperial College, London,$c2009.
=300  \\$ap. :$bdigital, PDF file.
=336  \\$atext$2rdacontent
=337  \\$acomputer$2rdamedia
=338  \\$aonline resource$2rdacarrier
=502  \\$aThesis (Ph.D.)--Imperial College London, 2009.
=504  \\$aIncludes bibliographical references.
=520  3\$aAgricultural intensification can have negative impacts on the environment and there isincreasing interest in the use of low intensity or organic agricultural methods toimprove sustainability. Fertiliser is an important component of all agriculturalsystems and can affect the performance of crop pests and their natural enemies. Thisthesis presents the results from a quantitative review of the literature on both farmingsystem and organic and conventional fertiliser effects on pests and natural enemies. Results from a series of laboratory and field experiments investigating the effectsorganic and conventional fertiliser on cereal aphids and their natural enemies arereported. The review demonstrates that crop pests and their natural enemies benefit fromorganic or low intensity methods and this is evident for natural enemies in farm scaleexperiments. The effect of organic and conventional fertilisers on arthropod pests isvariable although the influence of manures is consistently negative while the effect ofplant composts is positive. More studies investigating organic and conventionalfertilisers and the response of natural enemies are needed. Field and laboratory experiments show that conventional fertilisers can benefit cerealaphids but the mechanism behind this response is species specific. Rhopalosiphumpadi is sensitive to temporal nutrients availability and is influenced by the timing offertiliser application, while Metopolophium dirhodum is responsive to plantmorphology with aphids performing better on plants with a high proportion ofvegetative matter. The implications of pest performance on fertiliser managementstrategies are discussed. Parasitoid abundance in the field was not found to beinfluenced by fertiliser treatment although in the laboratory, indirect effects offertiliser, mediated through its aphid host, were found to affect parasitoid fitness withlarger parasitoids emerging from larger aphids. A positive influence of conventionalfertiliser on syrphid oviposition in the field was also apparent.
=538  \\$aMode of access: World Wide Web.
=710  2\$aImperial College, London.
=852  4\$aBritish Library$bDSC$cDRT$j508333
=856  40$uhttp://hdl.handle.net/10044/1/4672
=859  \\$aXLD$bEThOS
=CAT  \\$aETHOSBKLG$b00$c20111010$lBLL01$h1534
=CAT  \\$aETHOSBKLG$c20111010$lBLL01$h1607
=CAT  \\$aETHOSBKLG$c20111010$lBLL01$h1631
=CAT  \\$aBATCH$b00$c20111010$lBLL01$h1821
=CAT  \\$aBATCH-UPD$b00$c20121030$lBLL01$h1022
=CAT  \\$aWR13.117$c20130727$lBLL01$h2007
=CAT  \\$aWR13.144/5$c20140418$lBLL01$h1026
=CAT  \\$aBATCH-ETHO$b00$c20140502$lBLL01$h0139
=CAT  \\$aBATCH-ETH8$c20170506$lBLL01$h1040
=DRT  \\$aETHOS
=FIN  \\$aY$d20111010
=FMT  \\$a  BK
=LAS  \\$aBATCH-ETH8$b00$c20170506$lBLL01$h1040
=SRC  \\$aEThOS$bethos_marc_111007.mrc
=STA  \\$aSUPPRESSED$bEThOS can't supply or embargoed

