=LDR  03557 am a22004697a 4500
=001  015919224
=003  Uk
=005  20111010153445.0
=006  m\\\\|\\\d\|\\\\\\
=007  cr||||||||||||
=008  100408s2009\\\\enk\\\\\sbm\\\000\0\eng\\
=040  \\$aUk$beng$cUk
=082  04$a579.2$223
=100  1\$aJarmin, Susan Anne.
=245  10$aVaccinia virus protein A40 is an immunomodulator$h[electronic resource] /$cSusan Anne Jarmin.
=260  \\$aLondon :$bImperial College London,$c2009.
=300  \\$a254 p. :$bdigital, PDF file.
=336  \\$atext$2rdacontent
=337  \\$acomputer$2rdamedia
=338  \\$aonline resource$2rdacarrier
=502  \\$aThesis (Ph.D.)--Imperial College London, 2009.
=504  \\$aIncludes bibliographical references.
=520  3\$aVaccinia virus (VACV) strain Western Reserve gene A40R encodes a type II membrane glycoprotein with a C-type lectin-like domain at the C terminus. The A40 protein is not incorporated into virions, is nonessential for virus replication in cell culture and does not affect virus virulence in a murine intranasal model of infection. However, A40 does affect the outcome of infection in an intradermal infection model in which the virus lacking gene A40R produced smaller lesions and alterations in the host immune response. A40 has amino acid similarity to C-type lectins, such as NKG2A and DC-SIGN. This observation together with its location on the infected cell surface and its ability to bind to the surface of cells of the immune system is consistent with A40 functioning as an immunomodulator. It is possible that A40 might function by mimicking native host lectins or by modulating recognition of VACV-infected cells by cells of the immune system. To investigate the mechanism by which A40 affects the outcome of infection in vivo, a cloning and experimental strategy was devised to search for its ligand(s) and try to determine its structure in collaboration with protein crystallographers. To achieve these goals, the recombinant A40 protein has been produced in E. coli, mammalian cells, and from insect cells infected with recombinant baculoviruses. Bacterially expressed recombinant A40 was used to generate an antibody specific to A40 and this was then purified, characterised and used to further the characterisation of A40. The potential for A40 to interact with a ligand on the surface of another cell was investigated by a cell binding assay using recombinant A40 protein. This protein was produced in a mammalian system and was found to bind to the surface of immune cells but not to epithelial cells. In cytotoxicity assays, the absence or over-expression of A40 was found to modulate the ability of NK cells to kill VACV infected cells.
=538  \\$aMode of access: World Wide Web.
=710  2\$aImperial College, London.
=852  4\$aBritish Library$bDSC$cDRT$j508477
=856  40$uhttp://hdl.handle.net/10044/1/4717
=859  \\$aXLD$bEThOS
=CAT  \\$aETHOSBKLG$b00$c20111010$lBLL01$h1534
=CAT  \\$aETHOSBKLG$c20111010$lBLL01$h1607
=CAT  \\$aETHOSBKLG$c20111010$lBLL01$h1631
=CAT  \\$aBATCH$b00$c20111010$lBLL01$h1821
=CAT  \\$aBATCH-UPD$b00$c20121030$lBLL01$h1022
=CAT  \\$aWR13.117$c20130727$lBLL01$h2007
=CAT  \\$aWR13.144/5$c20140418$lBLL01$h1026
=CAT  \\$aBATCH-ETHO$b00$c20140502$lBLL01$h0139
=DRT  \\$aETHOS
=FIN  \\$aY$d20111010
=FMT  \\$a  BK
=LAS  \\$aBATCH-ETHO$b00$c20140502$lBLL01$h0139
=SRC  \\$aEThOS$bethos_marc_111007.mrc
=STA  \\$aSUPPRESSED$bEThOS can't supply or embargoed

