=LDR  04102 am a22004817a 4500
=001  015919231
=003  Uk
=005  20111010153445.0
=006  m\\\\\\\\d\\\\\\\\
=007  cr\|||||||||||
=008  111010s2009\\\\xxk\\\\\sbm\\\000\0\eng\\
=040  \\$aUk$beng$cUk
=082  04$a615.84$223
=100  1\$aTosanguan, Thanut.
=245  10$aDevelopment of a sub-miniature acoustic sensor for wireless monitoring of heart rate$h[electronic resource].
=260  \\$bImperial College London (University of London),$c2009.
=300  \\$ap. :$bdigital, PDF file.
=336  \\$atext$2rdacontent
=337  \\$acomputer$2rdamedia
=338  \\$aonline resource$2rdacarrier
=502  \\$aThesis (Ph.D.)--Imperial College, London, 2009.
=504  \\$aIncludes bibliographical references.
=520  3\$aThis thesis presents the development of a non-invasive, wireless, low-power, phonocardiographic (PCG) or heart sound sensor platform suitable for long-term monitoring of heart function. The core of this development process involves a study of the feasibility of this conceptual system and the development of a prototype mixed-signals integrated circuit (IC) to form the integral component of the proposed sensor. The feasibility study of the proposed long-term monitoring sensor is divided into two main parts. The first part of the study investigates the technological aspect of the conceptual system, via a system level design. This is to prove the technological or operational feasibility of the system, where the system can be built completely using discrete, off-the-shelf electronics components to satisfy the size, power consumption, battery life and operational requirements of the sensor platform. The second part of the study concentrates on the post-processing of the heart sounds and murmurs or PCG data recorded. This is where a number of different de-noising algorithms are studied and their relative performance compared when applied to a variety of different noisy heart sound signals that would likely be acquired using the proposed sensor in everyday life. This was done to demonstrate the functional feasibility of the proposed system, where the ambient acoustic noise in the recorded PCG data can be effectively suppressed and therefore meaningful analysis of heart function i.e. heart rate, can be performed on the data. After the feasibility of the conceptual system has been demonstrated, the final part of this thesis discusses the synthesis and testing of a 0.35 μm CMOS technology prototype mixed analog-digital integrated circuit (IC) to miniaturise part of this sensor platform outlined in the system level design, conducted in the earlier part of this thesis, to achieve the objective specifications ? in terms of the size and power consumption. A new implementation of the multi-tanh triplet transconductor is introduced to construct a pair of 100 nW analogue 4th order Gm-C signal conditioning filters. Furthermore, a 7 μW digital circuit was designed to drive the analog-to-digital conversion cycle of the Linear Technology LTC1288 ADC and synchronise the ADC's output to generate the Manchester encoded data compatible with the Holt Integrated Circuit HI-15530 Manchester Encoder/Decoder.
=538  \\$aMode of access: World Wide Web.
=710  2\$aImperial College, London.
=852  4\$aBritish Library$bDSC$cDRT$j508484
=856  40$uhttp://hdl.handle.net/10044/1/4716
=859  \\$aXLD$bEThOS
=CAT  \\$aETHOSBKLG$b00$c20111010$lBLL01$h1534
=CAT  \\$aETHOSBKLG$c20111010$lBLL01$h1607
=CAT  \\$aETHOSBKLG$c20111010$lBLL01$h1631
=CAT  \\$aBATCH$b00$c20111010$lBLL01$h1821
=CAT  \\$aBATCH-UPD$b00$c20121030$lBLL01$h1022
=CAT  \\$aWR13.117$c20130727$lBLL01$h2007
=CAT  \\$aWR13.144/5$c20140418$lBLL01$h1026
=CAT  \\$aBATCH-ETHO$b00$c20140502$lBLL01$h0139
=CAT  \\$aBATCH-ETH8$c20170506$lBLL01$h1040
=DRT  \\$aETHOS
=FIN  \\$aY$d20111010
=FMT  \\$a  BK
=LAS  \\$aBATCH-ETH8$b00$c20170506$lBLL01$h1040
=SRC  \\$aEThOS$bethos_marc_111007.mrc
=STA  \\$aSUPPRESSED$bEThOS can't supply or embargoed

