=LDR  03209 am a22004817a 4500
=001  015919232
=003  Uk
=005  20111010153445.0
=006  m\\\\|\\\d\|\\\\\\
=007  cr||||||||||||
=008  100408s2009\\\\enk\\\\\sbm\\\000\0\eng\\
=040  \\$aUk$beng$cUk
=082  04$a618$223
=100  1\$aMilona, Alexandra.
=245  10$aRole of FXR in the adaptive response to bile acids during pregnancy$h[electronic resource] /$cAlexandra Milona.
=260  \\$aLondon :$bImperial College London,$c2009.
=300  \\$a280 p. :$bdigital, PDF file.
=336  \\$atext$2rdacontent
=337  \\$acomputer$2rdamedia
=338  \\$aonline resource$2rdacarrier
=502  \\$aThesis (Ph.D.)--Imperial College London, 2009.
=504  \\$aIncludes bibliographical references.
=520  3\$aThe bile acid receptor FXR maintains bile acid homeostasis through the dynamic regulation of transporters, detoxification and biosynthesis enzymes. Intrahepatic cholestasis of pregnancy (ICP) is caused by disturbance in bile acid homeostasis in predisposed individuals. The first genetic variants in FXR, identified in an ICP population, are investigated in this thesis using in vitro approaches and a functional effect is demonstrated. Reproductive hormones are implicated in the aetiology of ICP but experiments in mice suggest that estrogen and progesterone alone are unlikely to be the cause of gestational cholestasis. Pregnancy increases the metabolic demand on the maternal liver and, in mice, causes maternal hepatomegaly that is associated with pro-cholestatic gene expression and raised serum and hepatic bile acids. Gestational hepatomegaly is characterised in detail for the first time and Fxr is shown to be required to maintain the normal mechanisms driving this process. Furthermore, pro-cholestatic gene expression and the fact that hepatic bile acids do not accumulate in pregnant Fxr-/- or cholate-fed mice suggest that for unknown reasons, gestation could be a period of reduced Fxr function. Conclusions: Pregnancy causes perturbed bile acid homeostasis in mice. This may be a result of Fxr playing a complex role in mediating, or responding to, the metabolic demands of gestation. Furthermore, FXR protects individuals from developing pregnancy-specific cholestatic disease.
=536  \\$aFunded by Wellbeing of Women and Institute of Obstetrics and Gynaecology Trust
=538  \\$aMode of access: World Wide Web.
=710  2\$aImperial College, London.
=852  4\$aBritish Library$bDSC$cDRT$j508485
=856  40$uhttp://hdl.handle.net/10044/1/4727
=859  \\$aXLD$bEThOS
=CAT  \\$aETHOSBKLG$b00$c20111010$lBLL01$h1534
=CAT  \\$aETHOSBKLG$c20111010$lBLL01$h1607
=CAT  \\$aETHOSBKLG$c20111010$lBLL01$h1631
=CAT  \\$aBATCH$b00$c20111010$lBLL01$h1821
=CAT  \\$aBATCH-UPD$b00$c20121030$lBLL01$h1022
=CAT  \\$aWR13.117$c20130727$lBLL01$h2007
=CAT  \\$aWR13.144/5$c20140418$lBLL01$h1026
=CAT  \\$aBATCH-ETHO$b00$c20140502$lBLL01$h0139
=DRT  \\$aETHOS
=FIN  \\$aY$d20111010
=FMT  \\$a  BK
=LAS  \\$aBATCH-ETHO$b00$c20140502$lBLL01$h0139
=SRC  \\$aEThOS$bethos_marc_111007.mrc
=STA  \\$aSUPPRESSED$bEThOS can't supply or embargoed

