=LDR  03836 am a22004817a 4500
=001  015919369
=003  Uk
=005  20111010153446.0
=006  m\\\\|\\\d\|\\\\\\
=007  cr||||||||||||
=008  100408s2009\\\\enk\\\\\sbm\\\000\0\eng\\
=040  \\$aUk$beng$cUk
=082  04$a611$223
=100  1\$aWu, Pensée.
=245  10$aMuscular dystrophy cell therapy$h[electronic resource] :$ban in utero approach using human fetal mesenchymal stem cells /$cPensée Wu.
=260  \\$aLondon :$bImperial College London,$c2009.
=300  \\$a301 p. :$bdigital, PDF file.
=336  \\$atext$2rdacontent
=337  \\$acomputer$2rdamedia
=338  \\$aonline resource$2rdacarrier
=502  \\$aThesis (Ph.D.)--Imperial College London, 2009.
=504  \\$aIncludes bibliographical references.
=520  3\$aDuchenne muscular dystrophy (DMD) is the most prevalent genetic neuromuscular disorder and affects 1 in 3,500 live male births. Lack of the protein dystrophin in muscle fibres causes permanent muscle damage, is lethal and despite various potential therapeutic strategies aimed at restoring dystrophin expression, has no cure. As DMD affects all skeletal muscles as well as the heart, a systemic treatment would be necessary and in utero stem cell transplantation is a promising way of achieving this. The identification of human fetal mesenchymal stem cells (hfMSC) in early gestation fetal blood offers the prospect of allogeneic or autologous cell therapy, while intrauterine administration would capitalise on ontological opportunities unique to the developing fetus. The aim of the study was to improve hfMSC engraftment and contribution to skeletal muscle fibres following intrauterine transplantation (IUT) in a mouse model of DMD. My project demonstrated that hfMSCs are easily isolated and expandable with the ability to undergo myogenesis in vitro. HfMSCs differentiated into mature myotubes following exposure to galectin-1 conditioned medium, while galectin-1 transduced hfMSCs showed significantly higher expression of myogenic markers compared to non-transduced hfMSCs. Co-culture experiments provided an in vitro model to explore the underlying mechanism for muscle differentiation of hfMSCs following IUT. HfMSCs were able to form chimeric myotubes by fusing with myoblasts isolated from E15 mouse embryos, evidence that they should be able to fuse with developing muscle fibres in vivo. Engraftment and differentiation into muscle fibres of hfMSCs injected intra-peritoneally into E15 mouse embryos in vivo was enhanced by using immunodeficient dystrophic host mice, postnatal muscle injury and additional neonatal hfMSC transplantation following IUT. In conclusion, my thesis supports the use of hfMSC as an attractive source for cell therapy and provides the background for further studies to optimise their engraftment and differentiation to underpin future clinical applications.
=536  \\$aSponsored by: Wellbeing of Women and Institute of Obstetrics and Gynaecology Trust
=538  \\$aMode of access: World Wide Web.
=710  2\$aImperial College, London.
=852  4\$aBritish Library$bDSC$cDRT$j508625
=856  40$uhttp://hdl.handle.net/10044/1/4726
=859  \\$aXLD$bEThOS
=CAT  \\$aETHOSBKLG$b00$c20111010$lBLL01$h1534
=CAT  \\$aETHOSBKLG$c20111010$lBLL01$h1607
=CAT  \\$aETHOSBKLG$c20111010$lBLL01$h1631
=CAT  \\$aBATCH$b00$c20111010$lBLL01$h1821
=CAT  \\$aBATCH-UPD$b00$c20121030$lBLL01$h1022
=CAT  \\$aWR13.117$c20130727$lBLL01$h2007
=CAT  \\$aWR13.144/5$c20140418$lBLL01$h1026
=CAT  \\$aBATCH-ETHO$b00$c20140502$lBLL01$h0139
=DRT  \\$aETHOS
=FIN  \\$aY$d20111010
=FMT  \\$a  BK
=LAS  \\$aBATCH-ETHO$b00$c20140502$lBLL01$h0139
=SRC  \\$aEThOS$bethos_marc_111007.mrc
=STA  \\$aSUPPRESSED$bEThOS can't supply or embargoed

