=LDR  04255 am a22004697a 4500
=001  015919511
=003  Uk
=005  20111010153447.0
=006  m\\\\|\\\d\|\\\\\\
=007  cr||||||||||||
=008  100408s2009\\\\enk\\\\\sbm\\\000\0\eng\\
=040  \\$aUk$beng$cUk
=082  04$a616.079$223
=100  1\$aWatt, Fiona Elizabeth.
=245  10$aInvestigation of the effects of injury upon intracellular signalling pathways and expression of inflammatory response genes in articular cartilage$h[electronic resource] /$cFiona Elizabeth Watt.
=260  \\$aLondon :$bImperial College London,$c2009.
=300  \\$a295 p. :$bdigital, PDF file.
=336  \\$atext$2rdacontent
=337  \\$acomputer$2rdamedia
=338  \\$aonline resource$2rdacarrier
=502  \\$aThesis (Ph.D.)--Imperial College London, 2009.
=504  \\$aIncludes bibliographical references.
=520  3\$aDamage to joints predisposes to osteoarthritis. The mechanism by which injury to cartilage might lead to net matrix loss and cartilage degeneration remains unknown. Following experimental sharp injury to porcine articular cartilage (dissection from, or scoring of the articular surface), our group has previously shown rapid activation of the 3 mitogen activated protein kinase (MAPK) pathways in cartilage. Activation of ERK, and probably also p38 MAPK, is due to release of fibroblast growth factor (FGF) from the matrix after injury. However, despite a long search, the cause of JNK activation following sharp injury remains unknown. I investigated the extent and regulation of inflammatory signalling after cartilage injury and whether it was sufficient to cause expression of inflammatory response genes. In this work, I show that a number of intracellular signalling pathways including PI3 kinase and IκB kinase (IKK) (which leads to activation of NFκB) are activated by sharp injury to cartilage. The signalling following injury was sufficient to induce a wide range of inflammatory response mRNAs, including pro-inflammatory cytokines such as IL-6, COX-2 and proteinases such as MMP-1 and ADAMTS-4 in a pattern which was not entirely IL-1-like. Pharmacological inhibition experiments suggested that the production by injured cartilage of an inflammatory response gene which could be assayed at the protein level, activin A, was regulated by FGF-mediated pathways (ERK) as well as by NFκB and tyrosine kinases (src family kinases). Given these findings, the role of tyrosine kinases in the early response of cartilage to injury was explored. By phosphotyrosine immunoprecipitation and purification from injured cartilage lysates, FAK and its substrate paxillin were identified from silverstained gels by mass spectrometry. The phosphorylation of these src substrates accounted for rapidly inducible bands seen on phosphotyrosine western blotting of injured cartilage lysates. However, no evidence of a role for src kinases in the regulation of MAPK/IKK signalling upon injury was found. In contrast, blockade of another tyrosine kinase, the FGF receptor, led to partial inhibition not only of the ERK pathway following sharp injury, but also the other MAPKs and IKK. Whilst activation of the same pathways was also seen following injury to synovium, FGF receptor inhibition had no effect on this signalling. This suggested that FGF may have a pro-inflammatory action following injury in vivo which is a particular feature of cartilage.
=538  \\$aMode of access: World Wide Web.
=710  2\$aImperial College, London.
=852  4\$aBritish Library$bDSC$cDRT$j508779
=856  40$uhttp://hdl.handle.net/10044/1/4701
=859  \\$aXLD$bEThOS
=CAT  \\$aETHOSBKLG$b00$c20111010$lBLL01$h1534
=CAT  \\$aETHOSBKLG$c20111010$lBLL01$h1607
=CAT  \\$aETHOSBKLG$c20111010$lBLL01$h1631
=CAT  \\$aBATCH$b00$c20111010$lBLL01$h1821
=CAT  \\$aBATCH-UPD$b00$c20121030$lBLL01$h1022
=CAT  \\$aWR13.117$c20130727$lBLL01$h2008
=CAT  \\$aWR13.144/5$c20140418$lBLL01$h1026
=CAT  \\$aBATCH-ETHO$b00$c20140502$lBLL01$h0139
=DRT  \\$aETHOS
=FIN  \\$aY$d20111010
=FMT  \\$a  BK
=LAS  \\$aBATCH-ETHO$b00$c20140502$lBLL01$h0139
=SRC  \\$aEThOS$bethos_marc_111007.mrc
=STA  \\$aSUPPRESSED$bEThOS can't supply or embargoed

