=LDR  04384 am a22004937a 4500
=001  015919655
=003  Uk
=005  20111010153448.0
=006  m\\\\\\\\d\\\\\\\\
=007  cr\|||||||||||
=008  111010s2009\\\\xxk\\\\\sbm\\\000\0\eng\\
=040  \\$aUk$beng$cUk$dUk
=082  04$a388.049$223
=100  1\$aBichou, Khalid.
=245  12$aA Benchmarking Study of the Impacts of Security Regulations on Container Port Efficiency$h[electronic resource].
=260  \\$bImperial College, London,$c2009.
=300  \\$ap. :$bdigital, PDF file.
=336  \\$atext$2rdacontent
=337  \\$acomputer$2rdamedia
=338  \\$aonline resource$2rdacarrier
=502  \\$aThesis (Ph.D.)--Imperial College London, 2009.
=504  \\$aIncludes bibliographical references.
=520  3\$aSince the terrorist attacks in the USA in September 2001, several regulations have beenintroduced with a special emphasis on the security of containerised port operations. Global security measures specifically targeting container-port operations include theInternational Ship and Port Facility Security (ISPS) code, the Container SecurityInitiative (CSI), and the 24-hour Advance Vessel Manifest Rule (the 24-hour rule).Nevertheless, no attempt has been made to-date to investigate the ex-post impacts ofsecurity on the operational efficiency of container ports and terminals. This PhDresearch seeks to adopt an approach that incorporates within an analytical frameworkthe association of security with operational efficiency, tools for modelling proceduralsecurity, and techniques for benchmarking container-port efficiency. A panel data set of39 ports and 60 container terminals from 2000 until 2006 is used resulting into 420container-terminal decision-making units (DMUs).In order to account equally for container terminal operational configurations and themulti-input/ multi-output nature of container port production, we apply both processmodelling and analytical benchmarking techniques. These are the Integrated ComputerAided Manufacturing Definition (IDEF0) for operational and security modelling, andData Envelopment Analysis (DEA) for efficiency measurement and benchmarking. Based on the results of IDEF0 modelling, we disaggregate container-port operations byterminal sites (quay, yard and gate) and spatial scope of security and apply alternativeDEA models to analyse (i) the operational impact of individual and aggregate securityregulations and (ii) the influence of operating and exogenous factors on port efficiency. We then estimate a Malmquist productivity index (MPI) to measure and decomposeproductivity changes following the introduction of new security measures. The results of the research confirm that both handling configurations and operatingprocedures have a direct effect on container terminal's productive efficiency. Theanalysis of the impact of security on operational efficiency shows that the latter variesgreatly by security regulation and terminal group but there is evidence of generalisedproductivity gains from the technological progress prompted by investments in the newsecurity technology. More importantly, the implementation of the new port securitymeasures revealed several inherent logistical inefficiencies especially in the wayterminal policies and work procedures are being designed, operated, and managed.
=536  \\$aSponsored by: Universities UK Overseas Research Scholarship, the Department of Civil and Environmental Engineering, Lloyd s Register Educational Trust
=538  \\$aMode of access: World Wide Web.
=710  2\$aImperial College, London.
=852  4\$aBritish Library$bDSC$cDRT$j508944
=856  40$uhttp://hdl.handle.net/10044/1/5269
=859  \\$aXLD$bEThOS
=CAT  \\$aETHOSBKLG$b00$c20111010$lBLL01$h1534
=CAT  \\$aETHOSBKLG$c20111010$lBLL01$h1607
=CAT  \\$aETHOSBKLG$c20111010$lBLL01$h1631
=CAT  \\$aBATCH$b00$c20111010$lBLL01$h1821
=CAT  \\$aBATCH-UPD$b00$c20121030$lBLL01$h1022
=CAT  \\$aWR13.117$c20130727$lBLL01$h2008
=CAT  \\$aWR13.144/5$c20140418$lBLL01$h1026
=CAT  \\$aBATCH-ETHO$b00$c20140502$lBLL01$h0139
=CAT  \\$aBATCH-ETH8$c20170506$lBLL01$h1040
=DRT  \\$aETHOS
=FIN  \\$aY$d20111010
=FMT  \\$a  BK
=LAS  \\$aBATCH-ETH8$b00$c20170506$lBLL01$h1040
=SRC  \\$aEThOS$bethos_marc_111007.mrc
=STA  \\$aSUPPRESSED$bEThOS can't supply or embargoed

