=LDR  03579 am a22004817a 4500
=001  015919657
=003  Uk
=005  20111010153448.0
=006  m\\\\|\\\d\|\\\\\\
=007  cr||||||||||||
=008  100407s2009\\\\enk\\\\\sbm\\\000\0\eng\\
=040  \\$aUk$beng$cUk
=082  04$a571.96$223
=100  1\$aShrivastava, Seema.
=245  14$aThe interface between innate and adaptive immune responses$h[electronic resource] :$bthe role of coagulation proteins /$cSeema Shrivastava.
=260  \\$aLondon :$bImperial College London,$c2009.
=300  \\$a256 p. :$bdigital, PDF file.
=336  \\$atext$2rdacontent
=337  \\$acomputer$2rdamedia
=338  \\$aonline resource$2rdacarrier
=502  \\$aThesis (Ph.D.)--Imperial College London, 2009.
=504  \\$aIncludes bibliographical references.
=520  3\$aThe role of coagulation proteins (CPs) in systems other than haemostasis is now recognised. Many of these cellular effects are through protease activated receptors (PARs). This project investigates how CPs influence the adaptive immune response, firstly through the expression of tissue factor (TF) on DCs; secondly through the action of PARs on dendritic cells (DCs) and T cells; and thirdly by examining the direct effect of anti-thrombin (AT) on DCs. This work identified for the first time a subset of mouse DCs that expresses TF. The form of TF changed from cryptic to pro-coagulant as DCs matured. In addition it was found that blocking TF on immature but not mature DCs enhanced their stimulatory capacity, possibly through PAR-2 signalling. In vivo studies supported this finding and suggest that inhibiting TF breaks T cell tolerance. Thrombin enhanced the T cell response through an effect on DCs but not T cells. Both primary and secondary responses increased but there was no change when stimulated T cells were rechallenged with thrombin-incubated DCs. This mechanism was not through changes in MHCII, co-stimulatory molecules or cytokine production. Although DCs expressed PAR, individual PAR-1 or PAR-4 activation did not affect DC stimulatory capacity. Anti-thrombin was found to reduce T cell activation in vivo. When DCs were treated with AT alone there was no change in T cell response, whereas treatment with AT before LPS led to an increase in IL-4 and IL-10 from T cells suggesting induction of tolerance. Anergy and T cell suppressor assays, however, failed to demonstrate a tolerant phenotype. Overall the findings demonstrate that DCs have the ability to generate and respond to CPs and thus influence the T cell response. This work identifies potential new targets in the innate system which may be used to influence the adaptive immune response.
=536  \\$aSponsored by: Kidney Research UK (KRUK)
=538  \\$aMode of access: World Wide Web.
=710  2\$aImperial College, London.
=852  4\$aBritish Library$bDSC$cDRT$j508946
=856  40$uhttp://hdl.handle.net/10044/1/5271
=859  \\$aXLD$bEThOS
=CAT  \\$aETHOSBKLG$b00$c20111010$lBLL01$h1534
=CAT  \\$aETHOSBKLG$c20111010$lBLL01$h1607
=CAT  \\$aETHOSBKLG$c20111010$lBLL01$h1631
=CAT  \\$aBATCH$b00$c20111010$lBLL01$h1821
=CAT  \\$aBATCH-UPD$b00$c20121030$lBLL01$h1022
=CAT  \\$aWR13.117$c20130727$lBLL01$h2008
=CAT  \\$aWR13.144/5$c20140418$lBLL01$h1026
=CAT  \\$aBATCH-ETHO$b00$c20140502$lBLL01$h0139
=DRT  \\$aETHOS
=FIN  \\$aY$d20111010
=FMT  \\$a  BK
=LAS  \\$aBATCH-ETHO$b00$c20140502$lBLL01$h0139
=SRC  \\$aEThOS$bethos_marc_111007.mrc
=STA  \\$aSUPPRESSED$bEThOS can't supply or embargoed

