=LDR  03900 am a22004937a 4500
=001  015919658
=003  Uk
=005  20111010153448.0
=006  m\\\\\\\\d\\\\\\\\
=007  cr\|||||||||||
=008  111010s2009\\\\xxk\\\\\sbm\\\000\0\eng\\
=040  \\$aUk$beng$cUk$dUk
=082  04$a632$223
=100  1\$aWebster, Ben.
=245  10$aOlfactory basis of host-recognition in the black bean aphid, Aphis fabae$h[electronic resource].
=260  \\$bImperial College, London,$c2009.
=300  \\$a207 p. :$bdigital, PDF file.
=336  \\$atext$2rdacontent
=337  \\$acomputer$2rdamedia
=338  \\$aonline resource$2rdacarrier
=502  \\$aThesis (Ph.D.)--Imperial College London, 2009.
=504  \\$aIncludes bibliographical references.
=520  3\$aBehavioural and electrophysiological responses of winged virginoparous Aphis fabae to volatile compounds of faba bean, Vicia faba, were studied and semiochemicals used in host location identified. In olfactometer bioassays, aphids responded positively to V. faba volatiles from an intact plant. This response also occurred when volatiles from an air entrainment sample of a V. faba plant were tested. Coupled gas chromatography-electroantennography revealed the presence of 16 electrophysiologically active volatile compounds in the air entrainment sample and 15 of these were identified as (E)-2-hexenal, (Z)-3-hexen-1-ol, 1-hexanol, benzaldehyde, 6-methyl-5-hepten-2-one, octanal, (Z)-3-hexen-1-yl acetate, (R)-linalool, methyl salicylate, decanal, undecanal, (E)-caryophyllene, (E)-β-farnesene, (S)-germacrene D, and (E,E,)-4,8,12-trimethyl-1,3,7,11-tridecatetraene. A synthetic blend consisting of all identified compounds in the same concentration and ratio as in the air entrainment sample elicited a similar behavioural response from the aphids as the air entrainment sample. Each compound was tested for behavioural activity individually at the same concentration as in the air entrainment sample and subsequently over a range of different doses. It was found that the response to the complete blend was not due to a response to a single compound. Dose response experiments also revealed ten of the compounds elicited negative behavioural responses from aphids. Further behavioural experiments revealed that these responses were context-specific and behavioural activity of individual compounds was different when they were presented alongside other compounds in the blend. It was hypothesised that a blend of host volatiles in a species-specific ratio may be used by A. fabae to recognise its host. To determine whether or not ratios of volatiles could provide a reliable cue to host seeking aphids, intra-specific and diurnal variation of ratios of volatiles emitted were investigated. Although considerable variation in ratios was observed the quantities of some pairs of compounds were positively correlated, indicating a degree of consistency in the ratios.
=536  \\$aSponsored by: Biotechnology and Biological Sciences Research Council
=538  \\$aMode of access: World Wide Web.
=710  2\$aImperial College, London.
=852  4\$aBritish Library$bDSC$cDRT$j508947
=856  40$uhttp://hdl.handle.net/10044/1/5272
=859  \\$aXLD$bEThOS
=CAT  \\$aETHOSBKLG$b00$c20111010$lBLL01$h1534
=CAT  \\$aETHOSBKLG$c20111010$lBLL01$h1607
=CAT  \\$aETHOSBKLG$c20111010$lBLL01$h1631
=CAT  \\$aBATCH$b00$c20111010$lBLL01$h1821
=CAT  \\$aBATCH-UPD$b00$c20121030$lBLL01$h1022
=CAT  \\$aWR13.117$c20130727$lBLL01$h2008
=CAT  \\$aWR13.144/5$c20140418$lBLL01$h1026
=CAT  \\$aBATCH-ETHO$b00$c20140502$lBLL01$h0139
=CAT  \\$aBATCH-ETH8$c20170506$lBLL01$h1040
=DRT  \\$aETHOS
=FIN  \\$aY$d20111010
=FMT  \\$a  BK
=LAS  \\$aBATCH-ETH8$b00$c20170506$lBLL01$h1040
=SRC  \\$aEThOS$bethos_marc_111007.mrc
=STA  \\$aSUPPRESSED$bEThOS can't supply or embargoed

