=LDR  04913 am a22004937a 4500
=001  015919659
=003  Uk
=005  20111010153448.0
=006  m\\\\\\\\d\\\\\\\\
=007  cr\|||||||||||
=008  111010s2009\\\\xxk\\\\\sbm\\\000\0\eng\\
=040  \\$aUk$beng$cUk$dUk
=082  04$a620.106$223
=100  1\$aManley, Karen Shu San.
=245  10$aAdvances in Experimental Methods for Characterisation of Porous Solids$h[electronic resource].
=260  \\$bImperial College, London,$c2009.
=300  \\$ap. :$bdigital, PDF file.
=336  \\$atext$2rdacontent
=337  \\$acomputer$2rdamedia
=338  \\$aonline resource$2rdacarrier
=502  \\$aThesis (Ph.D.)--Imperial College London, 2009.
=504  \\$aIncludes bibliographical references.
=520  3\$aThis thesis describes work on the development of new integrated methods for thecharacterisation of porous media. Porous media are of wide importance in a variety ofapplications including oil and gas production, tissue engineering, filtration and separationand ground water hydrology. Such porous media are characterised by the fraction of theirvolume occupied by pores (the porosity) and by parameters characterising the ease of flowand diffusion through the medium (the permeability and the diffusivity). However, the flowprocesses are very complex, reflecting the complex nature of the pore structure. The objective of the work described in this thesis was to develop and apply two newintegrated pieces of apparatus which were aimed at elucidating several aspects of thecomplex flow processes. The first integrated apparatus was aimed at the study of gaseoustransport and the second at the study of mercury penetration, flow and electrical conduction,in the pores of selected media. Thin-section imaging was also applied to obtainsupplementary information. The integrated gaseous transport apparatus was designed not only to measure permeability(by the pressure rise technique), but also to study both steady state and (importantly)transient diffusion of oxygen in nitrogen in the pores of the selected media. The system wascapable of operating with media with a wide range of permeabilities and yielded accuratevalues of the viscous permeability and the slip flow coefficient. In addition, experiments were carried out in the partially turbulent flow region. The diffusion measurements yieldedinformation on the ratio (rD) of the diffusion coefficient in the media to that in free space; thisratio is also a specific property of the medium. Combining the steady state and transientdiffusion measurements, it was possible to deduce the effective porosity and the pore length. The second integrated apparatus was for the study of porous media subjected to mercurypenetration under pressure. This apparatus allowed conventional mercury porosimetrymeasurements to be performed (i.e. measurements of the pore volume occupied as a functionof pore size penetrated) but, crucially, it also allowed measurements of the permeability tomercury and of the conductivity with mercury to be made simultaneously. The permeabilityto mercury approaches the gaseous value when complete saturation of the medium isachieved; however the manner in which mercury permeability varies with pore size gives astriking indication of the role of the various pores in the flow process. In the conductivityexperiments, the ratio (rCp) of the conductivity of the medium penetrated with mercury atpressure p to the conductivity of pure mercury is determined as a function of p. At highpenetration pressures, the value of rCp approaches that of rD reflecting the analogy betweenconduction and diffusion when the medium is saturated with mercury. However, the variationof rCp with pore size penetrated gives a remarkable indication of the significance of the poresin given size ranges in the diffusion process (analogous to the information yielded by themercury permeability measurements relating to the overall permeability).
=536  \\$aSponsored by: EPSRC and Halliburton Energy Services
=538  \\$aMode of access: World Wide Web.
=710  2\$aImperial College, London.
=852  4\$aBritish Library$bDSC$cDRT$j508948
=856  40$uhttp://hdl.handle.net/10044/1/5273
=859  \\$aXLD$bEThOS
=CAT  \\$aETHOSBKLG$b00$c20111010$lBLL01$h1534
=CAT  \\$aETHOSBKLG$c20111010$lBLL01$h1607
=CAT  \\$aETHOSBKLG$c20111010$lBLL01$h1631
=CAT  \\$aBATCH$b00$c20111010$lBLL01$h1821
=CAT  \\$aBATCH-UPD$b00$c20121030$lBLL01$h1022
=CAT  \\$aWR13.117$c20130727$lBLL01$h2008
=CAT  \\$aWR13.144/5$c20140418$lBLL01$h1026
=CAT  \\$aBATCH-ETHO$b00$c20140502$lBLL01$h0139
=CAT  \\$aBATCH-ETH8$c20170506$lBLL01$h1040
=DRT  \\$aETHOS
=FIN  \\$aY$d20111010
=FMT  \\$a  BK
=LAS  \\$aBATCH-ETH8$b00$c20170506$lBLL01$h1040
=SRC  \\$aEThOS$bethos_marc_111007.mrc
=STA  \\$aSUPPRESSED$bEThOS can't supply or embargoed

