=LDR  03743 am a22004937a 4500
=001  015919663
=003  Uk
=005  20111010153449.0
=006  m\\\\\\\\d\\\\\\\\
=007  cr\|||||||||||
=008  111010s2009\\\\xxk\\\\\sbm\\\000\0\eng\\
=040  \\$aUk$beng$cUk$dUk
=082  04$a591.7$223
=100  1\$aFritz, Susanne.
=245  10$aComparative analyses of extinction risk in vertebrates$h[electronic resource].
=260  \\$bImperial College, London,$c2009.
=300  \\$ap. :$bdigital, PDF file.
=336  \\$atext$2rdacontent
=337  \\$acomputer$2rdamedia
=338  \\$aonline resource$2rdacarrier
=502  \\$aThesis (Ph.D.)--Imperial College London, 2009.
=504  \\$aIncludes bibliographical references.
=520  3\$aMeasures of current extinction risk imply that a high proportion of the world's species are threatened with global extinction in the near future, stressing the need for thorough understanding of extinction processes. In this thesis, I investigate three aspects of current global species extinction risk, using novel phylogenetic and spatially-explicit comparative methods. First, I develop a new measure of the phylogenetic-signal strength in extinction risk, and use it to show that the non-randomness in global mammalian extinction risk differs with threatening processes. These results imply that the biological traits which increase species' susceptibility depend on the anthropogenic threat experienced. Secondly, I investigate the focus of current extinction risk, both spatially and in terms of biological traits increasing risk. I model regional extinction-risk correlates for mammals across the globe, finding strong geographical variation in the influence of biological traits on risk, and in trait interactions with anthropogenic impacts. I also compare biological and anthropogenic correlates of global extinction risk across and within mammals, birds and frogs. Results from this large-scale comparative study further confirm the strong heterogeneity of extinction processes, with taxon-specific traits playing a relatively large role in determining species' fates. Finally, I estimate possible impacts of current extinction risk using three measures of global mammalian diversity: species richness, phylogenetic diversity and functional diversity. My results show that selective losses of large species will deplete functional variety in mammals, especially in the tropics. Loss of functional diversity is much higher than expected under random species loss, and there is low congruence with losses of species richness and phylogenetic diversity. The selectivity of current extinction risk means that we stand to lose a very biased sample of global diversity, with potentially severe consequences for ecosystem functioning.
=536  \\$aSponsored by: Marie Curie fellowship of the European Commission
=538  \\$aMode of access: World Wide Web.
=710  2\$aImperial College, London.
=852  4\$aBritish Library$bDSC$cDRT$j508952
=856  40$uhttp://hdl.handle.net/10044/1/5275
=859  \\$aXLD$bEThOS
=CAT  \\$aETHOSBKLG$b00$c20111010$lBLL01$h1534
=CAT  \\$aETHOSBKLG$c20111010$lBLL01$h1607
=CAT  \\$aETHOSBKLG$c20111010$lBLL01$h1631
=CAT  \\$aBATCH$b00$c20111010$lBLL01$h1821
=CAT  \\$aBATCH-UPD$b00$c20121030$lBLL01$h1022
=CAT  \\$aWR13.117$c20130727$lBLL01$h2008
=CAT  \\$aWR13.144/5$c20140418$lBLL01$h1026
=CAT  \\$aBATCH-ETHO$b00$c20140502$lBLL01$h0139
=CAT  \\$aBATCH-ETH8$c20170506$lBLL01$h1040
=DRT  \\$aETHOS
=FIN  \\$aY$d20111010
=FMT  \\$a  BK
=LAS  \\$aBATCH-ETH8$b00$c20170506$lBLL01$h1040
=SRC  \\$aEThOS$bethos_marc_111007.mrc
=STA  \\$aSUPPRESSED$bEThOS can't supply or embargoed

