=LDR  03409 am a22004937a 4500
=001  015920151
=003  Uk
=005  20111010153453.0
=006  m\\\\\\\\d\\\\\\\\
=007  cr\|||||||||||
=008  111010s2009\\\\xxk\\\\\sbm\\\000\0\eng\\
=040  \\$aUk$beng$cUk$dUk
=082  04$a620.106$223
=100  1\$aCarmo, Bruno Souza.
=245  10$aOn Wake Interference in the Flow around Two Circular Cylinders$h[electronic resource] :$bDirect Stability Analysis and Flow-Induced Vibrations.
=260  \\$bImperial College, London,$c2009.
=300  \\$ap. :$bdigital, PDF file.
=336  \\$atext$2rdacontent
=337  \\$acomputer$2rdamedia
=338  \\$aonline resource$2rdacarrier
=502  \\$aThesis (Ph.D.)--Imperial College London, 2009.
=504  \\$aIncludes bibliographical references.
=520  3\$aThe flow around two identical circular cylinders, arranged in configurations whereone of the cylinders is immersed in the wake of the other, is studied using numericalsimulations. Two aspects of such flows were considered. The first is the stabilityof nominally two-dimensional time-periodic wakes to three-dimensional perturbations. We investigated flows around tandem and staggered arrangements withdiverse centre-to-centre distances. Direct stability analysis and numerical simulationswere employed, and the results are compared to those obtained for the flowaround an isolated cylinder. The onsets of the three-dimensional instabilities werecalculated and the unstable modes are fully described. In addition, we assess thenonlinear character of the bifurcations and physical mechanisms are proposed toexplain the instabilities. The second aspect considered in this thesis is the flowinducedvibration experienced by a rigid cylinder when it is mounted on an elasticbase and immersed in the wake of a fixed identical cylinder. Tandem arrangementswith centre-to-centre distances varying from 1.5 to 8 cylinder diameters were tested. The flow was simulated using an Arbitrary Lagrangian-Eulerian approach that coupledthe solution of the structure equations with that of the flow. Two- and three- dimensionalsimulations were performed to assess the mutual influence between thethree-dimensional flow structures in the wake and the motion of the cylinder. Theresponse of the downstream cylinder is compared to that of an elastically-mountedrigid isolated cylinder. Based on the simulation results we propose physical mechanismsto explain the origin of the excitation.
=536  \\$aSponsored by: Capes-MEC/Brazil
=538  \\$aMode of access: World Wide Web.
=710  2\$aImperial College, London.
=852  4\$aBritish Library$bDSC$cDRT$j509498
=856  40$uhttp://hdl.handle.net/10044/1/4697
=859  \\$aXLD$bEThOS
=CAT  \\$aETHOSBKLG$b00$c20111010$lBLL01$h1534
=CAT  \\$aETHOSBKLG$c20111010$lBLL01$h1607
=CAT  \\$aETHOSBKLG$c20111010$lBLL01$h1631
=CAT  \\$aBATCH$b00$c20111010$lBLL01$h1821
=CAT  \\$aBATCH-UPD$b00$c20121030$lBLL01$h1022
=CAT  \\$aWR13.117$c20130727$lBLL01$h2008
=CAT  \\$aWR13.144/5$c20140418$lBLL01$h1026
=CAT  \\$aBATCH-ETHO$b00$c20140502$lBLL01$h0139
=CAT  \\$aBATCH-ETH8$c20170506$lBLL01$h1040
=DRT  \\$aETHOS
=FIN  \\$aY$d20111010
=FMT  \\$a  BK
=LAS  \\$aBATCH-ETH8$b00$c20170506$lBLL01$h1040
=SRC  \\$aEThOS$bethos_marc_111007.mrc
=STA  \\$aSUPPRESSED$bEThOS can't supply or embargoed

