=LDR  03666 am a22004697a 4500
=001  015920152
=003  Uk
=005  20111010153453.0
=006  m\\\\|\\\d\|\\\\\\
=007  cr||||||||||||
=008  100408s2009\\\\enk\\\\\sbm\\\000\0\eng\\
=040  \\$aUk$beng$cUk
=082  04$a616.9$223
=100  1\$aPellis, Lorenzo.
=245  10$aMathematical models for emerging infections in socially structured populations$h[electronic resource] :$bthe presence of households and workplaces /$cLorenzo Pellis.
=260  \\$aLondon :$bImperial College London,$c2009.
=300  \\$a278 p. :$bdigital, PDF file.
=336  \\$atext$2rdacontent
=337  \\$acomputer$2rdamedia
=338  \\$aonline resource$2rdacarrier
=502  \\$aThesis (Ph.D.)--Imperial College London, 2009.
=504  \\$aIncludes bibliographical references.
=520  3\$aThis thesis is concerned with the description and analysis of a stochastic model for the spread of a directly transmissible infection, leading to permanent immunity after recovery, in a fully susceptible population with a social structure characterised by the presence of households and workplaces. The model considered is highly idealised, but contains the key factors affecting the spread of a directly transmissible infection, namely those environments where frequent and intense contacts are most likely. Important analytical insights include the definition of a novel household reproduction number RH, representing the average number of households infected by a single household, which is shown to overcome some of the limitations of a previously defined reproduction number and the development of a methodology for the approximate computation of the real-time growth rate, which is then used for the estimation of RH from the real-time growth rate. An efficient stochastic simulator is described and is used to gain understanding of the role that local saturation effects within workplaces play in shaping the epidemic spread and to investigate the reliability of estimates of R0 and the average epidemic final size from the real-time growth rate when the presence of the social structure is neglected. The methodologies are applied to the case of pandemic influenza: its relatively low infectiousness suggests that estimation of these key epidemiological quantities is surprisingly accurate when the social structure is neglected and that the additional presence of spatial constraints implying geographically localised transmission has negligible effect on the overall epidemic dynamics. Despite the lack of reliable data concerning workplaces, a realistic range of possible values for RH is identified, but the efficacy of school closure in reducing transmission appears to be difficult to quantify because of the unknown impact it has on transmission in other workplace environments.
=538  \\$aMode of access: World Wide Web.
=710  2\$aImperial College, London.
=852  4\$aBritish Library$bDSC$cDRT$j509499
=856  40$uhttp://hdl.handle.net/10044/1/4696
=859  \\$aXLD$bEThOS
=CAT  \\$aETHOSBKLG$b00$c20111010$lBLL01$h1534
=CAT  \\$aETHOSBKLG$c20111010$lBLL01$h1607
=CAT  \\$aETHOSBKLG$c20111010$lBLL01$h1631
=CAT  \\$aBATCH$b00$c20111010$lBLL01$h1821
=CAT  \\$aBATCH-UPD$b00$c20121030$lBLL01$h1022
=CAT  \\$aWR13.117$c20130727$lBLL01$h2008
=CAT  \\$aWR13.144/5$c20140418$lBLL01$h1026
=CAT  \\$aBATCH-ETHO$b00$c20140502$lBLL01$h0139
=DRT  \\$aETHOS
=FIN  \\$aY$d20111010
=FMT  \\$a  BK
=LAS  \\$aBATCH-ETHO$b00$c20140502$lBLL01$h0139
=SRC  \\$aEThOS$bethos_marc_111007.mrc
=STA  \\$aSUPPRESSED$bEThOS can't supply or embargoed

