=LDR  04145 am a22004817a 4500
=001  015920153
=003  Uk
=005  20111010153453.0
=006  m\\\\\\\\d\\\\\\\\
=007  cr\|||||||||||
=008  111010s2008\\\\xxk\\\\\sbm\\\000\0\eng\\
=040  \\$aUk$beng$cUk$dUk
=082  04$a502.85$223
=100  1\$aChan, Georgia.
=245  10$aEstimating Gene Interactions Using Information Theoretic Functionals$h[electronic resource].
=260  \\$bImperial College, London,$c2008.
=300  \\$ap. :$bdigital, PDF file.
=336  \\$atext$2rdacontent
=337  \\$acomputer$2rdamedia
=338  \\$aonline resource$2rdacarrier
=502  \\$aThesis (Ph.D.)--Imperial College London, 2008.
=504  \\$aIncludes bibliographical references.
=520  3\$aWith an abundance of data resulting from high-throughput technologies, like DNA microarrays,a race has been on the last few years, to determine the structures and functions of genes andtheir products, the proteins. Inference of gene interactions, lies in the core of these efforts. In all this activity, three important research issues have emerged. First, in much of the currentliterature on gene regulatory networks, dependencies among variables in our case genes - areassumed to be linear in nature, when in fact, in real-life scenarios this is seldom the case. This disagreement leads to systematic deviation and biased evaluation. Secondly, althoughthe problem of undersampling, features in every piece of work as one of the major causes forpoor results, in practice it is overlooked and rarely addressed explicitly. Finally, inferenceof network structures, although based on rigid mathematical foundations and computationaloptimizations, often displays poor fitness values and biologically unrealistic link structures, due- to a large extend - to the discovery of pairwise only interactions. In our search for robust, nonlinear measures of dependency, we advocate that mutual informationand related information theoretic functionals (conditional mutual information, totalcorrelation) are possibly the most suitable candidates to capture both linear and nonlinearinteractions between variables, and resolve higher order dependencies. To address these issues, we researched and implemented under a common framework, a selectionnonparametric estimators of mutual information for continuous variables. The focus of theirassessment was, their robustness to the limited sample sizes and their expansibility to higherdimensions - important for the detection of more complex interaction structures. Two differentassessment scenaria were performed, one with simulated data and one with bootstrapping theestimators in state-of-the-art network inference algorithms and monitor their predictive powerand sensitivity. The tests revealed that, in small sample size regimes, there is a significant differencein the performance of different estimators, and naive methods such as uniform binning,gave consistently poor results compared with more sophisticated methods. Finally, a custom, modular mechanism is proposed, for the inference of gene interactions,targeting the identi cation of some of the most common substructures in genetic networks,that we believe will help improve accuracy and predictability scores.
=538  \\$aMode of access: World Wide Web.
=710  2\$aImperial College, London.
=852  4\$aBritish Library$bDSC$cDRT$j509500
=856  40$uhttp://hdl.handle.net/10044/1/4698
=859  \\$aXLD$bEThOS
=CAT  \\$aETHOSBKLG$b00$c20111010$lBLL01$h1534
=CAT  \\$aETHOSBKLG$c20111010$lBLL01$h1607
=CAT  \\$aETHOSBKLG$c20111010$lBLL01$h1631
=CAT  \\$aBATCH$b00$c20111010$lBLL01$h1821
=CAT  \\$aBATCH-UPD$b00$c20121030$lBLL01$h1022
=CAT  \\$aWR13.117$c20130727$lBLL01$h2008
=CAT  \\$aWR13.144/5$c20140418$lBLL01$h1026
=CAT  \\$aBATCH-ETHO$b00$c20140502$lBLL01$h0139
=CAT  \\$aBATCH-ETH8$c20170506$lBLL01$h1040
=DRT  \\$aETHOS
=FIN  \\$aY$d20111010
=FMT  \\$a  BK
=LAS  \\$aBATCH-ETH8$b00$c20170506$lBLL01$h1040
=SRC  \\$aEThOS$bethos_marc_111007.mrc
=STA  \\$aSUPPRESSED$bEThOS can't supply or embargoed

