=LDR  03791 am a22004817a 4500
=001  015920449
=003  Uk
=005  20111010153456.0
=006  m\\\\|\\\d\|\\\\\\
=007  cr||||||||||||
=008  100408s2009\\\\enk\\\\\sbm\\\000\0\eng\\
=040  \\$aUk$beng$cUk
=082  04$a616.9$223
=100  1\$aLu, Dabing.
=245  10$aTransmission dynamics of Schistosoma japonicum within China$h[electronic resource] /$cDabing Lu.
=260  \\$aLondon :$bImperial College London,$c2009.
=300  \\$a211 p. :$bdigital, PDF file.
=336  \\$atext$2rdacontent
=337  \\$acomputer$2rdamedia
=338  \\$aonline resource$2rdacarrier
=502  \\$aThesis (Ph.D.)--Imperial College London, 2009.
=504  \\$aIncludes bibliographical references.
=520  3\$aSchistosoma japonicum, a multi-host parasite, remains highly endemic in China and has recently re-emerged in previously controlled regions. One reason may be, given the current human- and bovine-based control policy, due to a serious lack of knowledge of the potential role for other species of mammals, including dogs, cats and small rodents, in the transmission. This thesis aims to contribute to our understanding of transmission dynamics of S. japonicum by investigating the implications of different reservoirs in the transmission across two contrasting geographical regions/settings: the marshland with the disease persistence versus the hilly region where the disease was once controlled. Longitudinal characterization of S. japonicum infection at both definitive host and intermediate host levels was performed throughout 2006-2007, with the highest prevalence and infection intensity observed in rodents in the hilly region and in the agriculturally important domestic animals (cattle and goats) in the marshland. Three chronobiological trials of cercarial emergence were performed to identify any host (with nocturnal vs diurnal activity)-associated biological traits of the parasite. A late afternoon shedding pattern was observed in the hilly region, compatible with a nocturnal rodent reservoir, and a morning-afternoon dual shedding pattern within marshland areas, consistent with a diurnal bovine major reservoir. Characterization of the parasite population genetic diversity, using microsatellite markers, at both larval stages, also indicated cattle to be the main definitive host reservoir species in the marshland, which was further confirmed by sibling relationship analyses. In the hilly regions, however, epidemiological, biological and molecular data indicated that, in addition to the role of rodents as the main reservoirs to maintain the disease, dogs, with their higher mobility, may also play a significant role in S. japonicum transmission in these areas. The implications of these results, in terms of parasite strain sub-structuring and targeted disease control, were discussed.
=536  \\$aSponsored by: Kwok Foundation and British Society for Parasitology
=538  \\$aMode of access: World Wide Web.
=710  2\$aImperial College, London.
=852  4\$aBritish Library$bDSC$cDRT$j509805
=856  40$uhttp://hdl.handle.net/10044/1/5301
=859  \\$aXLD$bEThOS
=CAT  \\$aETHOSBKLG$b00$c20111010$lBLL01$h1534
=CAT  \\$aETHOSBKLG$c20111010$lBLL01$h1607
=CAT  \\$aETHOSBKLG$c20111010$lBLL01$h1631
=CAT  \\$aBATCH$b00$c20111010$lBLL01$h1822
=CAT  \\$aBATCH-UPD$b00$c20121030$lBLL01$h1022
=CAT  \\$aWR13.117$c20130727$lBLL01$h2008
=CAT  \\$aWR13.144/5$c20140418$lBLL01$h1027
=CAT  \\$aBATCH-ETHO$b00$c20140502$lBLL01$h0139
=DRT  \\$aETHOS
=FIN  \\$aY$d20111010
=FMT  \\$a  BK
=LAS  \\$aBATCH-ETHO$b00$c20140502$lBLL01$h0139
=SRC  \\$aEThOS$bethos_marc_111007.mrc
=STA  \\$aSUPPRESSED$bEThOS can't supply or embargoed

