=LDR  04078 am a22004697a 4500
=001  015920450
=003  Uk
=005  20111010153456.0
=006  m\\\\\\\\d\\\\\\\\
=007  cr\|||||||||||
=008  101031s2009\\\\xxk\\\\\sbm\\\000\0\eng\\
=040  \\$aUk$beng$cUk
=082  04$a624.17$223
=100  1\$aCicero, Tindaro.
=245  10$aSignal processing for guided wave structural health monitoring$h[electronic resource].
=260  \\$bImperial College London,$c2009.
=300  \\$ap. :$bdigital, PDF file.
=336  \\$atext$2rdacontent
=337  \\$acomputer$2rdamedia
=338  \\$aonline resource$2rdacarrier
=502  \\$aThesis (Ph.D.)--Imperial College London, 2009.
=504  \\$aIncludes bibliographical references.
=520  3\$aThe importance of Structural Health Monitoring (SHM) in several industrial fields has been continuously growing in the last few years with the increasing need for the development of systems able to monitor continuously the integrity of complex structures. In order to be competitive with conventional non-destructive evaluation techniques, SHM must be able to effectively detect the occurrence of damage in the structure, giving information regarding the damage location. Ultrasonic guidedwaves offer the possibility of inspecting large areas of structures from a small number of sensor positions. However, inspection of complex structures is difficult as the reflections from different features overlap. Therefore damage detection becomes an extremely challenging problem and robust signal processing is required in order to resolve strongly overlapping echoes. In our work we have considered at first the possibility of employing a deconvolution approach for enhancing the resolution of ultrasonic time traces and the potential and the limitations of this approach for reliable SHM applications have been shown. The effects of noise on the bandwidth of the typical signals in SHM and the effects of frequency dependent phase shifts are the main detrimental issues that strongly reduce the performance of deconvolution in SHM applications. The second part of this thesis is concerned with the evaluation of a subtraction approach for SHM when changes of environmental conditions are taken into account. Temperature changes result in imperfect subtraction even for an undamaged structure, since temperature changes modify the mechanical properties of the material and therefore the velocity of propagation of ultrasonic guided waves. Compensation techniques have previously been used effectively to overcome temperature effects, in order to reduce the residual in the subtraction. In this work the performance of temperature compensation techniques has been evaluated also in the presence of other detrimental effects, such as liquid loading and different temperature responses of materials in adhesive joints. Numerical simulations and experiments have been conducted and it has been shown that temperature compensation techniques can cope in principle with non temperature effects. It is concluded that subtraction approach represents a promising method for reliable Structural Health Monitoring. Nonetheless the feasibility of a subtraction approach for SHM depends on environmental conditions.
=538  \\$aMode of access: World Wide Web.
=710  2\$aImperial College, London.
=852  4\$aBritish Library$bDSC$cDRT$j509806
=856  40$uhttp://hdl.handle.net/10044/1/5302
=859  \\$aXLD$bEThOS
=CAT  \\$aETHOSBKLG$b00$c20111010$lBLL01$h1534
=CAT  \\$aETHOSBKLG$c20111010$lBLL01$h1607
=CAT  \\$aETHOSBKLG$c20111010$lBLL01$h1631
=CAT  \\$aBATCH$b00$c20111010$lBLL01$h1822
=CAT  \\$aBATCH-UPD$b00$c20121030$lBLL01$h1022
=CAT  \\$aWR13.117$c20130727$lBLL01$h2008
=CAT  \\$aWR13.144/5$c20140418$lBLL01$h1027
=CAT  \\$aBATCH-ETHO$b00$c20140502$lBLL01$h0139
=DRT  \\$aETHOS
=FIN  \\$aY$d20111010
=FMT  \\$a  BK
=LAS  \\$aBATCH-ETHO$b00$c20140502$lBLL01$h0139
=SRC  \\$aEThOS$bethos_marc_111007.mrc
=STA  \\$aSUPPRESSED$bEThOS can't supply or embargoed

