=LDR  03462 am a22004937a 4500
=001  015920451
=003  Uk
=005  20111010153456.0
=006  m\\\\\\\\d\\\\\\\\
=007  cr\|||||||||||
=008  111010s2009\\\\xxk\\\\\sbm\\\000\0\eng\\
=040  \\$aUk$beng$cUk$dUk
=082  04$a547.7$223
=100  1\$aFogden, Sian.
=245  10$aPurification, Dispersion and Separation of Single Walled Carbon Nanotubes$h[electronic resource].
=260  \\$bImperial College, London,$c2009.
=300  \\$ap. :$bdigital, PDF file.
=336  \\$atext$2rdacontent
=337  \\$acomputer$2rdamedia
=338  \\$aonline resource$2rdacarrier
=502  \\$aThesis (Ph.D.)--Imperial College London, 2009.
=504  \\$aIncludes bibliographical references.
=520  3\$aIn this thesis, the purification, dispersion and separation of Single Walled Carbon Nanotubes (SWNTs) are explored. The motivation for this work arose from the basic desire to understand and further develop the underlying chemistry of SWNTs, thus enabling the extraordinary properties of SWNTs to be used to their full potential. Achieving highly pure SWNT samples on which further chemistry can be undertaken is of critical importance; purification must be able to be performed in a reliable and repeatable manner. As such, a new method of SWNT purification was developed. This method introduced a new base washing step that removed a significant fraction of the impurities created during the standard acid reflux purification. This finding has implications for many existing reports on nanotube chemistry. Separation of SWNTs by their electronic properties is extremely important if SWNTs are to fulfil their potential in a wide range of applications, from optoelectronics to molecular sensing. In order to separate metallic and semiconducting SWNTs, two novel methods were developed, both of which are relatively cheap and easily scalable. First, SWNTs were reduced in liquid ammonia containing an alkali metal. The reduced tube salts were then spontaneously dissolved in dry solvents to form stable dispersions which were found to contain primarily metallic SWNTs; hence, separation was achieved. The second method investigated the separation of SWNTs reduced by electrochemical means. When a voltage was passed through a SWNT sample in a suitable electrolyte, SWNTs were reduced and therefore dissolved. These dissolved SWNTs were deposited as a thin carbon film, in which metallic SWNTs were found to preferentially present; once again, separation was achieved.
=536  \\$aSponsored by: EPSRC and Thomas Swan
=538  \\$aMode of access: World Wide Web.
=710  2\$aImperial College, London.
=852  4\$aBritish Library$bDSC$cDRT$j509807
=856  40$uhttp://hdl.handle.net/10044/1/5303
=859  \\$aXLD$bEThOS
=CAT  \\$aETHOSBKLG$b00$c20111010$lBLL01$h1534
=CAT  \\$aETHOSBKLG$c20111010$lBLL01$h1607
=CAT  \\$aETHOSBKLG$c20111010$lBLL01$h1631
=CAT  \\$aBATCH$b00$c20111010$lBLL01$h1822
=CAT  \\$aBATCH-UPD$b00$c20121030$lBLL01$h1022
=CAT  \\$aWR13.117$c20130727$lBLL01$h2008
=CAT  \\$aWR13.144/5$c20140418$lBLL01$h1027
=CAT  \\$aBATCH-ETHO$b00$c20140502$lBLL01$h0139
=CAT  \\$aBATCH-ETH8$c20170506$lBLL01$h1040
=DRT  \\$aETHOS
=FIN  \\$aY$d20111010
=FMT  \\$a  BK
=LAS  \\$aBATCH-ETH8$b00$c20170506$lBLL01$h1040
=SRC  \\$aEThOS$bethos_marc_111007.mrc
=STA  \\$aSUPPRESSED$bEThOS can't supply or embargoed

