=LDR  03182 am a22004817a 4500
=001  015921323
=003  Uk
=005  20111010153505.0
=006  m\\\\\\\\d\\\\\\\\
=007  cr\|||||||||||
=008  111010s2009\\\\xxk\\\\\sbm\\\000\0\eng\\
=040  \\$aUk$beng$cUk$dUk
=082  04$a541.39$223
=100  1\$aZanetti, Paola C.
=245  10$aTransition metal catalysts for the controlled radical polymerisation of vinyl monomers$h[electronic resource].
=260  \\$bImperial College, London,$c2009.
=300  \\$ap. :$bdigital, PDF file.
=336  \\$atext$2rdacontent
=337  \\$acomputer$2rdamedia
=338  \\$aonline resource$2rdacarrier
=502  \\$aThesis (Ph.D.)--Imperial College London, 2009.
=504  \\$aIncludes bibliographical references.
=520  3\$aThe research described in this thesis concerns the synthesis of transition metal coordinationcomplexes and their activity in the controlled radical polymerisation (CRP) of styrene,methyl methacrylate and vinyl acetate. In the first, introductory chapter, the literature pertaining to the main reported CRP systemsis reviewed. The second chapter focuses on a family of novel ?-diimine Fe(II) complexes bearing aconjugated acenaphthene backbone. The ligand-dependent catalytic behaviour in the atomtransfer radical polymerisation (ATRP) of styrene is discussed, and the reaction conditionsare varied to shed light on the system features. In the Chapter 3 the synthesis, characterisation and screening for reverse ATRP of theFe(III) trichloride derivatives, as well as of two monodentate imino Fe(III) trichloridecomplexes, are described. A relationship between measured spin state and catalytic behaviouris highlighted. The fourth chapter reports the synthesis of bis-salicylaldimino Cr(II) complexes and theiractivity in the controlled radical polymerisation of styrene and vinyl acetate. The observedrearrangement of the latter monomer in the presence of chromium complexes is alsoexamined. The fifth and final experimental chapter extends the studies carried out on bissalicylaldiminoCr(II) complexes to other transition metals, namely iron and cobalt. Chapter 6 gives the experimental details for Chapters 2-4.Crystallographic data for all X-ray diffraction structures presented in this thesis are collatedin Chapter 7.
=538  \\$aMode of access: World Wide Web.
=710  2\$aImperial College, London.
=852  4\$aBritish Library$bDSC$cDRT$j510739
=856  40$uhttp://hdl.handle.net/10044/1/5553
=859  \\$aXLD$bEThOS
=CAT  \\$aETHOSBKLG$b00$c20111010$lBLL01$h1535
=CAT  \\$aETHOSBKLG$c20111010$lBLL01$h1607
=CAT  \\$aETHOSBKLG$c20111010$lBLL01$h1631
=CAT  \\$aBATCH$b00$c20111010$lBLL01$h1822
=CAT  \\$aBATCH-UPD$b00$c20121030$lBLL01$h1022
=CAT  \\$aWR13.117$c20130727$lBLL01$h2008
=CAT  \\$aWR13.144/5$c20140418$lBLL01$h1027
=CAT  \\$aBATCH-ETHO$b00$c20140502$lBLL01$h0139
=CAT  \\$aBATCH-ETH8$c20170506$lBLL01$h1040
=DRT  \\$aETHOS
=FIN  \\$aY$d20111010
=FMT  \\$a  BK
=LAS  \\$aBATCH-ETH8$b00$c20170506$lBLL01$h1040
=SRC  \\$aEThOS$bethos_marc_111007.mrc
=STA  \\$aSUPPRESSED$bEThOS can't supply or embargoed

