=LDR  04225 am a22004937a 4500
=001  015921325
=003  Uk
=005  20111010153505.0
=006  m\\\\\\\\d\\\\\\\\
=007  cr\|||||||||||
=008  111010s2009\\\\xxk\\\\\sbm\\\000\0\eng\\
=040  \\$aUk$beng$cUk$dUk
=082  04$a543$223
=100  1\$aTay, Feng Huai.
=245  10$aCharacterisation of Deposited Foulants and Asphaltenes using Advanced Vibrational Spectroscopy$h[electronic resource].
=260  \\$bImperial College, London,$c2009.
=300  \\$ap. :$bdigital, PDF file.
=336  \\$atext$2rdacontent
=337  \\$acomputer$2rdamedia
=338  \\$aonline resource$2rdacarrier
=502  \\$aThesis (Ph.D.)--Imperial College London, 2009.
=504  \\$aIncludes bibliographical references.
=520  3\$aThe magnitude and significance of crude oil fouling have led to a number of studies; however, the fundamentals of the complex fouling process are not fully understood. This thesis describes the use of the high chemical specificity, imaging capabilities and fast acquisition times offered by advanced vibrational spectroscopic techniques to characterise and understand the physicochemical behaviour of these complex materials. Rapid and reliable methodologies are developed to provide an important chemical characterisation tool which will advance research into crude oil fouling. An emerging and powerful imaging technique based on Fourier transform infrared (FTIR) spectroscopy is applied for the first time to the characterisation of deposited foulants and asphaltenes. Attenuated total reflection (ATR)-FTIR spectroscopic imaging has the advantage of being a non-destructive analytical technique and most importantly, is able to provide both chemical and spatial information about a sample. The novel application, of combining macro and microATR modes in FTIR imaging, yields important information about the spatial distribution of different components in deposited foulants and laboratory-extracted asphaltenes. Clusters of chemically different compounds in crude oil deposits from the refinery, such as asphaltenes, carbonates, sulphates, sulfoxides, oxalates and even 'coke-like' materials, were identified and analysed. A lab-made aperture is utilised in the macro ATR diamond accessory to correct spectral distortions that occur for high refractive index materials. This approach has been extended to monitor the heating of crude oil in situ and the onset of asphaltene deposition was determined. Micro ATRFTIR imaging of the particulates formed in the crude oil after heating has identified seven chemically different species, namely, silicates, amides, sulphates, carbonates, sulfoxides, vitrinite compounds and 'coke-like' materials which are products of different reactions in fouling. The complementary use of Raman and FTIR spectroscopy has been demonstrated to characterise the carbon structures in asphaltenes. The ID/IG and IV/IG parameters derived from the Raman spectra on real deposits showed that it has more ordered structures compared to petroleum asphaltenes which may be linked to the ageing effects of the deposit in heat exchangers. The ATR-FTIR spectra of petroleum asphaltenes suggest that the shape of an average asphaltene is more similar to a wide continental model than the archipelago model.
=536  \\$aSponsored by: EPSRC
=538  \\$aMode of access: World Wide Web.
=710  2\$aImperial College, London.
=852  4\$aBritish Library$bDSC$cDRT$j510741
=856  40$uhttp://hdl.handle.net/10044/1/5555
=859  \\$aXLD$bEThOS
=CAT  \\$aETHOSBKLG$b00$c20111010$lBLL01$h1535
=CAT  \\$aETHOSBKLG$c20111010$lBLL01$h1607
=CAT  \\$aETHOSBKLG$c20111010$lBLL01$h1631
=CAT  \\$aBATCH$b00$c20111010$lBLL01$h1822
=CAT  \\$aBATCH-UPD$b00$c20121030$lBLL01$h1022
=CAT  \\$aWR13.117$c20130727$lBLL01$h2008
=CAT  \\$aWR13.144/5$c20140418$lBLL01$h1027
=CAT  \\$aBATCH-ETHO$b00$c20140502$lBLL01$h0139
=CAT  \\$aBATCH-ETH8$c20170506$lBLL01$h1040
=DRT  \\$aETHOS
=FIN  \\$aY$d20111010
=FMT  \\$a  BK
=LAS  \\$aBATCH-ETH8$b00$c20170506$lBLL01$h1040
=SRC  \\$aEThOS$bethos_marc_111007.mrc
=STA  \\$aSUPPRESSED$bEThOS can't supply or embargoed

