=LDR  03517 am a22004937a 4500
=001  015921326
=003  Uk
=005  20111010153505.0
=006  m\\\\\\\\d\\\\\\\\
=007  cr\|||||||||||
=008  111010s2009\\\\xxk\\\\\sbm\\\000\0\eng\\
=040  \\$aUk$beng$cUk$dUk
=082  04$a620.110287$223
=100  1\$aSztefek, Pavel.
=245  10$aInverse method for stiffness determination of impact damage in composites$h[electronic resource].
=260  \\$bImperial College, London,$c2009.
=300  \\$ap. :$bdigital, PDF file.
=336  \\$atext$2rdacontent
=337  \\$acomputer$2rdamedia
=338  \\$aonline resource$2rdacarrier
=502  \\$aThesis (Ph.D.)--Imperial College London, 2009.
=504  \\$aIncludes bibliographical references.
=520  3\$aThe limited knowledge of stiffness reductions is a major problem in reliablypredicting the post-impact strength of composite structures. This work describesdevelopment and application of a non-destructive approach for evaluation of the inplanestiffness of impact damage in composites. The approach combines an inverse method linked to a finite element model andnon-contact full-field measurements. The material parameters of impact damage aredetermined by iteratively matching the finite element model to displacement fieldsmeasured optically during post-impact loading. A first order, gradient optimizationtechnique coupled with a modified quadratic algorithm is employed. The method isvalidated on a reference finite element model with axisymmetric damage containingseveral concentric zones having different properties, and the influence of measurementnoise is examined. The approach is applied to in-house experiments with impacted carbon/epoxylaminates to determine their quasi-isotropic mechanical properties in tension andcompression. The resulting stiffness distributions are presented and the correspondingnonlinear behaviour of the damage is described. To examine the effect of the type ofdamage on the mechanical properties a thorough fractographic analysis of the impactedspecimens was undertaken. The tensile stiffness is found to be mainly affected by fibrefracture, while the compressive stiffness is strongly linked to delamination buckling. The approach has further been extended for detection and evaluation of multipleimpact damage zones at arbitrary locations as well as for stiffness identification of thedamage in orthotropic laminates. The accuracy of both extensions is presented anddiscussed. Finally, possible future applications of the approach are considered.
=536  \\$aSponsored by: Engineering and Physical Sciences Research Council
=538  \\$aMode of access: World Wide Web.
=710  2\$aImperial College, London.
=852  4\$aBritish Library$bDSC$cDRT$j510742
=856  40$uhttp://hdl.handle.net/10044/1/5556
=859  \\$aXLD$bEThOS
=CAT  \\$aETHOSBKLG$b00$c20111010$lBLL01$h1535
=CAT  \\$aETHOSBKLG$c20111010$lBLL01$h1607
=CAT  \\$aETHOSBKLG$c20111010$lBLL01$h1631
=CAT  \\$aBATCH$b00$c20111010$lBLL01$h1822
=CAT  \\$aBATCH-UPD$b00$c20121030$lBLL01$h1022
=CAT  \\$aWR13.117$c20130727$lBLL01$h2008
=CAT  \\$aWR13.144/5$c20140418$lBLL01$h1027
=CAT  \\$aBATCH-ETHO$b00$c20140502$lBLL01$h0139
=CAT  \\$aBATCH-ETH8$c20170506$lBLL01$h1040
=DRT  \\$aETHOS
=FIN  \\$aY$d20111010
=FMT  \\$a  BK
=LAS  \\$aBATCH-ETH8$b00$c20170506$lBLL01$h1040
=SRC  \\$aEThOS$bethos_marc_111007.mrc
=STA  \\$aSUPPRESSED$bEThOS can't supply or embargoed

