=LDR  03630 am a22004697a 4500
=001  015921328
=003  Uk
=005  20111010153505.0
=006  m\\\\\\\\d\\\\\\\\
=007  cr\|||||||||||
=008  101031s2009\\\\xxk\\\\\sbm\\\000\0\eng\\
=040  \\$aUk$beng$cUk
=082  04$a590$223
=100  1\$aPickett, Brian R.
=245  10$aStudies on resistance to vegetative (Vip3A) and crystal (Cry1A) insecticidal toxins of Bacillus thuringiensis in Heliothis virescens (Fabricius)$h[electronic resource].
=260  \\$bImperial College London,$c2009.
=300  \\$a173 p. :$bdigital, PDF file.
=336  \\$atext$2rdacontent
=337  \\$acomputer$2rdamedia
=338  \\$aonline resource$2rdacarrier
=502  \\$aThesis (Ph.D.)--Imperial College London, 2009.
=504  \\$aIncludes bibliographical references.
=520  3\$aBacillus thuringiensis (Bt) toxins expressed in commercial transgenic crop varieties are all δ-endotoxins (Cry toxins) but the identification of novel vegetative insecticidal proteins (Vip toxins) has extended the range of insecticidal proteins derived from Bt. One such Vip toxin, Vip3A, primarily targets the midgut epithelium cells of susceptible insects as Cry toxins do, although they appear to have different binding sites. The present study investigated the comparative toxicity of Vip3A, Cry1Ab andCry1Ac against Heliothis virescens (tobacco budworm) and the impact of antibiotics on Bt insecticidal activity. The selection of a resistant Vip3A population led to the determination of cross-resistance, the genetics of resistance and fitness effects. There was very little variability in the natural susceptibility to Vip3A, Cry1Ab and Cry1Acin the populations tested, although the toxicity of Vip3A was much lower compared to the Cry1A toxins. A Vip3A resistant population was successfully established within 13 selected generations, with little or no cross-resistance to Cry1Ab or Cry1Ac. The inheritance of resistance ranged from almost completely recessive to incompletely dominant with a possible paternal influence, was polygenic and relatively stable. Vip3A resistance showed a fitness benefit, reduced larval development time, and fitness costs, including survival to adult eclosion, reduced egg viability and reduced male mating success. The effects of antibiotics on H. virescens larval susceptibility to Bt toxins varied depending on antibiotic treatment, the Bt toxin used and the larval instar tested. Bt cotton expressing both Vip3A and Cry1Ab to provide activity against a wide range of pest Lepidoptera, including H. virescens, a major cotton pest in the USA is in the process of commercialisation. The present work will help to support a suitable insecticide resistance management strategy for continued use of Bt toxin in transgenic crops.
=538  \\$aMode of access: World Wide Web.
=710  2\$aImperial College, London.
=852  4\$aBritish Library$bDSC$cDRT$j510744
=856  40$uhttp://hdl.handle.net/10044/1/5557
=859  \\$aXLD$bEThOS
=CAT  \\$aETHOSBKLG$b00$c20111010$lBLL01$h1535
=CAT  \\$aETHOSBKLG$c20111010$lBLL01$h1607
=CAT  \\$aETHOSBKLG$c20111010$lBLL01$h1631
=CAT  \\$aBATCH$b00$c20111010$lBLL01$h1822
=CAT  \\$aBATCH-UPD$b00$c20121030$lBLL01$h1022
=CAT  \\$aWR13.117$c20130727$lBLL01$h2008
=CAT  \\$aWR13.144/5$c20140418$lBLL01$h1027
=CAT  \\$aBATCH-ETHO$b00$c20140502$lBLL01$h0139
=DRT  \\$aETHOS
=FIN  \\$aY$d20111010
=FMT  \\$a  BK
=LAS  \\$aBATCH-ETHO$b00$c20140502$lBLL01$h0139
=SRC  \\$aEThOS$bethos_marc_111007.mrc
=STA  \\$aSUPPRESSED$bEThOS can't supply or embargoed

