=LDR  04390 am a22004937a 4500
=001  015921858
=003  Uk
=005  20111010153510.0
=006  m\\\\\\\\d\\\\\\\\
=007  cr\|||||||||||
=008  111010s2009\\\\xxk\\\\\sbm\\\000\0\eng\\
=040  \\$aUk$beng$cUk$dUk
=082  04$a628$223
=100  1\$aVyrides, Ioannis.
=245  10$aTreatment of Saline Organic Wastewater by a Submerged Anaerobic Membrane Bioreactor (SAMBR)$h[electronic resource].
=260  \\$bImperial College, London,$c2009.
=300  \\$ap. :$bdigital, PDF file.
=336  \\$atext$2rdacontent
=337  \\$acomputer$2rdamedia
=338  \\$aonline resource$2rdacarrier
=502  \\$aThesis (Ph.D.)--Imperial College London, 2009.
=504  \\$aIncludes bibliographical references.
=520  3\$aThe aim of this thesis was to assess the potential of a Submerged Anaerobic Membrane Bioreactor (SAMBR) for the treatment of saline organic wastewater. Firstly,it was found that anaerobic biomass can be acclimatised to salinities up to 20 g NaCl/L over a period of about 35 days during three batch feedings. Experiments were also carried out to evaluate the performance of anaerobic biomass during a sudden reduction and re-exposure to salinity; anaerobic biomass showed high performance during fluctuations in salinity. Then, SAMBRs were used for saline sewage treatment and it was found that 99% Dissolve Organic Carbon (DOC) removal could be obtained at 8 hours hydraulic retention time (HRT). Different start-up strategies and inoculation of halotolerant species into a SAMBR were investigated. In addition, the reduction of biogas sparging time caused an increase in TMP by 0.025 bar, but also an increase in effluent DOC removal and inside the SAMBR by 10% and 20%, respectively. Powdered Activated Carbon (PAC) addition resulted in a TMP decrease of 0.070 bar, and a 30% and 5% increase in DOC removal inside the SAMBR and effluent, respectively. The mechanisms of anaerobic biomass under high salinity were studied by investigating the role of compatible solutes, extracellular polysaccharides (EPS), and Archaeal microbial evolution. Glycine betaine was found to have the most positive effect on anaerobic biomass when added to medium with high salinity. This was found not only in batch experiments, but also in continuous ones using a SAMBR. The effluent composition from the SAMBR treating saline wastewater was analysed, and post treatment strategies using mainly PAC were analysed. The treatment of this effluent with 1.7 g PAC/L can lead to greater than 80% DOC removal. The treatment of wastewater with high salinity and Cr (III) in a system consisting of a SAMBR, anaerobic Membrane Bioreactor (MBR) and a PAC column was examined. The system obtained 95% and 70% removal of Cr (III) and Chemical Oxygen Demand (COD), respectively. Using molecular techniques inside the SAMBR, species were identified that were capable of surviving in high salinity and Cr (III). In a short-period experiment, relaxation, liquid backwash and gas backwash techniques were compared and showed the superiority of gas backwashing to reduce fouling of the membrane. The specific resistances of a membrane operated for 100 days in the SAMBR showed that more than 90% of the total resistance was attributed to the biofilm cake layer, about 5-7% to the compounds attached on the membrane surface and about 3% to the membrane resistance and to the compounds in the inner pores of the membrane.
=536  \\$aSponsored by: A.G. Leventis
=538  \\$aMode of access: World Wide Web.
=710  2\$aImperial College, London.
=852  4\$aBritish Library$bDSC$cDRT$j511293
=856  40$uhttp://hdl.handle.net/10044/1/5296
=859  \\$aXLD$bEThOS
=CAT  \\$aETHOSBKLG$b00$c20111010$lBLL01$h1535
=CAT  \\$aETHOSBKLG$c20111010$lBLL01$h1607
=CAT  \\$aETHOSBKLG$c20111010$lBLL01$h1631
=CAT  \\$aBATCH$b00$c20111010$lBLL01$h1822
=CAT  \\$aBATCH-UPD$b00$c20121030$lBLL01$h1022
=CAT  \\$aWR13.117$c20130727$lBLL01$h2008
=CAT  \\$aWR13.144/5$c20140418$lBLL01$h1027
=CAT  \\$aBATCH-ETHO$b00$c20140502$lBLL01$h0139
=CAT  \\$aBATCH-ETH8$c20170506$lBLL01$h1041
=DRT  \\$aETHOS
=FIN  \\$aY$d20111010
=FMT  \\$a  BK
=LAS  \\$aBATCH-ETH8$b00$c20170506$lBLL01$h1041
=SRC  \\$aEThOS$bethos_marc_111007.mrc
=STA  \\$aSUPPRESSED$bEThOS can't supply or embargoed

