=LDR  03552 am a22004937a 4500
=001  015921859
=003  Uk
=005  20111010153510.0
=006  m\\\\\\\\d\\\\\\\\
=007  cr\|||||||||||
=008  111010s2009\\\\xxk\\\\\sbm\\\000\0\eng\\
=040  \\$aUk$beng$cUk$dUk
=082  04$a591.7$223
=100  1\$aAust, Patrick Welby.
=245  14$aThe ecology, conservation and management of Nile crocodiles Crocodylus niloticus in a human dominated landscape$h[electronic resource].
=260  \\$bImperial College, London,$c2009.
=300  \\$ap. :$bdigital, PDF file.
=336  \\$atext$2rdacontent
=337  \\$acomputer$2rdamedia
=338  \\$aonline resource$2rdacarrier
=502  \\$aThesis (Ph.D.)--Imperial College London, 2009.
=504  \\$aIncludes bibliographical references.
=520  3\$aNile crocodiles were extensively persecuted throughout much of the 20th century. The extinction of the species was only averted by the timely intervention ofconservationists and by the beginning of the 21st century most populations hadrecovered. Many of the conservation measures designed to curb the original extinctionthreats remain unchanged and are now perceived by some to be outdated. The recoveryof Nile crocodile populations has been accompanied by rapid human population growthand demands for freshwater resources. This phenomenon has resulted in a convergingconflict crisis between Nile crocodiles and humans. The aim of this thesis is to (a)quantify the extent of human crocodile conflict (HCC) and (b) establish theimplications for conservation and development.(a)The extent of HCC was assessed by (i) analysing losses incurred by localcommunities (ii) analysing the demographics of crocodiles in relation to humanactivities (iii) analysing the relationship between humans and crocodile prey species. Nile crocodiles pose a substantial threat to subsistence livelihoods whilst ruralcommunities have significant negative impacts on crocodiles (i) Estimates suggest anannual loss of between ~255 and ~6864 cattle per year and damage to an estimated71500 fishing nets per year in North Eastern Namibia. (ii) All crocodile size classesshowed a negative relationship with people at the inter- and intra-river levels. (iii)Crocodile prey species showed a significant negative spatial relationship with cattle.(b) Conservation and management implications were assessed by estimating thespatial patterns of HCC explanatory variables on a continental scale. Protected areas areimportant for crocodile conservation. The use of crocodile habitat as boundaries forprotected areas raises important questions relating to HCC.
=536  \\$aSponsored by: Beit Trust
=538  \\$aMode of access: World Wide Web.
=710  2\$aImperial College, London.
=852  4\$aBritish Library$bDSC$cDRT$j511294
=856  40$uhttp://hdl.handle.net/10044/1/5297
=859  \\$aXLD$bEThOS
=CAT  \\$aETHOSBKLG$b00$c20111010$lBLL01$h1535
=CAT  \\$aETHOSBKLG$c20111010$lBLL01$h1607
=CAT  \\$aETHOSBKLG$c20111010$lBLL01$h1631
=CAT  \\$aBATCH$b00$c20111010$lBLL01$h1822
=CAT  \\$aBATCH-UPD$b00$c20121030$lBLL01$h1022
=CAT  \\$aWR13.117$c20130727$lBLL01$h2008
=CAT  \\$aWR13.144/5$c20140418$lBLL01$h1027
=CAT  \\$aBATCH-ETHO$b00$c20140502$lBLL01$h0139
=CAT  \\$aBATCH-ETH8$c20170506$lBLL01$h1041
=DRT  \\$aETHOS
=FIN  \\$aY$d20111010
=FMT  \\$a  BK
=LAS  \\$aBATCH-ETH8$b00$c20170506$lBLL01$h1041
=SRC  \\$aEThOS$bethos_marc_111007.mrc
=STA  \\$aSUPPRESSED$bEThOS can't supply or embargoed

