=LDR  03316 am a22004817a 4500
=001  015921862
=003  Uk
=005  20111010153510.0
=006  m\\\\\\\\d\\\\\\\\
=007  cr\|||||||||||
=008  101031s2009\\\\xxk\\\\\sbm\\\000\0\eng\\
=040  \\$aUk$beng$cUk
=082  04$a547.7$223
=100  1\$aThongyoo, Panumart.
=245  10$aMacrocyclic cysteine knot microproteins$h[electronic resource] :$btotal syntheses and biological activities.
=260  \\$bImperial College London,$c2009.
=300  \\$a238 p. :$bdigital, PDF file.
=336  \\$atext$2rdacontent
=337  \\$acomputer$2rdamedia
=338  \\$aonline resource$2rdacarrier
=502  \\$aThesis (Ph.D.)--Imperial College London, 2009.
=504  \\$aIncludes bibliographical references.
=520  3\$aCyclotides are a unique class of head-to-tail cyclic cysteine-knot microproteins that exhibit a wide range of biological activities ranging from insecticidal to anti-HIV. They have a unique structure in which two disulfide bridges form a ring through which a third disulfide bridge is threaded, making cyclotides exceptionally stable against thermal and proteolytic degradation. This characteristic makes them of great interest in drug discovery. MCoTI-I and MCoTI-II, which originally were extracted from Momordica cochenchinesis, are examples of macrocyclic cysteine knot microproteins that display extremely potent trypsin inhibitory activity. In this thesis, two distinct complementary approaches have been developed for the first total synthesis of MCoTI-I and MCoTI-II. In the first, termed thia zip native chemical ligation (NCL), the cyclic backbone and three disulfide bonds are formed in a one pot reaction. In the second, backbone ligation is achieved via a novel immobilised protease-mediated ligation reaction. These methodologies have been further applied to the synthesis of novel analogues of the natural MCoTI-II structure modified at a key residue in the active loop (Lys10) that have altered protease inhibition specificity together with minimizing of MCoTI-II size. These wild-type and re-engineered MCoTI cyclotides were found to be active against not only trypsin-like serine proteases; trypsin, chymotrypsin, leukocyte elastase, HCV NS3/4A, β-tryptase and matriptase, but they are also active against cysteine protease; foot-and-mouth disease virus (FMDV 3Cpro).
=536  \\$aSponsored by: European Union for Marie Curie Early Stage Research Training and the Royal Thai Government
=538  \\$aMode of access: World Wide Web.
=710  2\$aImperial College, London.
=852  4\$aBritish Library$bDSC$cDRT$j511297
=856  40$uhttp://hdl.handle.net/10044/1/5285
=859  \\$aXLD$bEThOS
=CAT  \\$aETHOSBKLG$b00$c20111010$lBLL01$h1535
=CAT  \\$aETHOSBKLG$c20111010$lBLL01$h1607
=CAT  \\$aETHOSBKLG$c20111010$lBLL01$h1631
=CAT  \\$aBATCH$b00$c20111010$lBLL01$h1822
=CAT  \\$aBATCH-UPD$b00$c20121030$lBLL01$h1022
=CAT  \\$aWR13.117$c20130727$lBLL01$h2008
=CAT  \\$aWR13.144/5$c20140418$lBLL01$h1027
=CAT  \\$aBATCH-ETHO$b00$c20140502$lBLL01$h0139
=DRT  \\$aETHOS
=FIN  \\$aY$d20111010
=FMT  \\$a  BK
=LAS  \\$aBATCH-ETHO$b00$c20140502$lBLL01$h0139
=SRC  \\$aEThOS$bethos_marc_111007.mrc
=STA  \\$aSUPPRESSED$bEThOS can't supply or embargoed

