=LDR  04041 am a22004937a 4500
=001  015921863
=003  Uk
=005  20111010153510.0
=006  m\\\\\\\\d\\\\\\\\
=007  cr\|||||||||||
=008  111010s2009\\\\xxk\\\\\sbm\\\000\0\eng\\
=040  \\$aUk$beng$cUk$dUk
=082  04$a591.9857$223
=100  1\$aKati, Amalia.
=245  14$aThe influence of aphid parasitoids on the development of their hosts$h[electronic resource].
=260  \\$bImperial College, London,$c2009.
=300  \\$ap. :$bdigital, PDF file.
=336  \\$atext$2rdacontent
=337  \\$acomputer$2rdamedia
=338  \\$aonline resource$2rdacarrier
=502  \\$aThesis (Ph.D.)--Imperial College London, 2009.
=504  \\$aIncludes bibliographical references.
=520  3\$aChanges in wing development and development through the stadia of Aphis fabaeare examined after parasitisation by Aphidius colemani along with the underlying mechanisms. Parasitoid oviposition into nymphs of winged gynoparae of A. fabaeshows that wing development is inhibited and the earlier parasitism takes place, the stronger the effect. Consideration of the timing of events indicates that the active component(s) is most likely injected during oviposition and is not related to hatching and growing of the parasitoid larva. When extracts of venom glands are injected into late-second stadium aphids, many develop to fourth-stadium possessing rudimentary wingbuds, show developmental arrest and often die while moulting to the adult stage. Injections with extracts of female or male parasitoids into later stadia give similar results with regard to development to the adult but aphids injected in the late-fourth stadium develop normally. Experiments with long-day winged virginoparae reveal similar results in development to the adult but injections into long-day wingless aphids, which develop more rapidly, show this effect only when performed early in the third stadium. The earlier the injection before the final moult the greater the effect of the extract on preventing adult development. The results indicate that there is an active factor(s) in the female parasitoid's venom that disrupts wing development and/or inhibits development to the adult; the loss of activity after treatment at 100 °C or with protease makes it likely that the factor(s) is a protein. Surprisingly, injections of extracts from male parasitoids have similar effects. The location and function of such a factor(s) in males are unknown. Fast Protein Liquid Chromatography is used to fractionate the parasitoid extracts and bioassays reveal activity in fractions 16-25. Aphidius ervi venom also inhibits development of A. fabae (a non-host) whereas A. colemani venom has no effect on the development of Megoura viciae (a non-host). Injection with lipopolysaccharides and infection with a fungal pathogen are used to test whether stimulation of the immune response affects wing development in the host and the possibility that the host is in control of inhibiting its own wing development in order to support its immune system is discussed.
=536  \\$aSponsored by: State Scholarship Foundation of Greece (IKY)
=538  \\$aMode of access: World Wide Web.
=710  2\$aImperial College, London.
=852  4\$aBritish Library$bDSC$cDRT$j511298
=856  40$uhttp://hdl.handle.net/10044/1/5284
=859  \\$aXLD$bEThOS
=CAT  \\$aETHOSBKLG$b00$c20111010$lBLL01$h1535
=CAT  \\$aETHOSBKLG$c20111010$lBLL01$h1607
=CAT  \\$aETHOSBKLG$c20111010$lBLL01$h1631
=CAT  \\$aBATCH$b00$c20111010$lBLL01$h1822
=CAT  \\$aBATCH-UPD$b00$c20121030$lBLL01$h1022
=CAT  \\$aWR13.117$c20130727$lBLL01$h2008
=CAT  \\$aWR13.144/5$c20140418$lBLL01$h1027
=CAT  \\$aBATCH-ETHO$b00$c20140502$lBLL01$h0139
=CAT  \\$aBATCH-ETH8$c20170506$lBLL01$h1041
=DRT  \\$aETHOS
=FIN  \\$aY$d20111010
=FMT  \\$a  BK
=LAS  \\$aBATCH-ETH8$b00$c20170506$lBLL01$h1041
=SRC  \\$aEThOS$bethos_marc_111007.mrc
=STA  \\$aSUPPRESSED$bEThOS can't supply or embargoed

