=LDR  03654 am a22004817a 4500
=001  015921866
=003  Uk
=005  20111010153510.0
=006  m\\\\\\\\d\\\\\\\\
=007  cr\|||||||||||
=008  111010s2009\\\\xxk\\\\\sbm\\\000\0\eng\\
=040  \\$aUk$beng$cUk$dUk
=082  04$a543.8$223
=100  1\$aLeow, Pei Ling.
=245  10$aIn-Column Electrochemical Detection for Liquid Chromatography$h[electronic resource].
=260  \\$bImperial College, London,$c2009.
=300  \\$ap. :$bdigital, PDF file.
=336  \\$atext$2rdacontent
=337  \\$acomputer$2rdamedia
=338  \\$aonline resource$2rdacarrier
=502  \\$aThesis (Ph.D.)--Imperial College London, 2009.
=504  \\$aIncludes bibliographical references.
=520  3\$aThis research focuses on the development of whole column detection (WCD) forliquid chromatography (LC). The WCD uses electrochemical techniques for detectingthe analytes passing through the separation column. Electrode array for in-columnelectrochemical detection (ICED) is fabricated along the separation column to enablewhole column separation monitoring and allow better understanding on the affinity ofparticular analyte to the stationary and mobile phases. Numerical models were built to understand the feasibility and differences ofelectrochemical detection within an unpacked and packed column. From the simulatedresults, the surface area of the electrode was not hindered by the presence of theparticles in flow condition. An electrochemical microfluidic device has been successfully fabricated on PET(polyethylene terephthalate) substrate using the reverse imprinting technique. Thephotolithographically produced gold metal electrode lines were imprinted into thePET substrate using a blank mould and produced an inlaid electrode array with overallstep residue within 40 nm. The semi-cured thermoset polyester channel wasirreversibly thermal bonded on the PET substrate. The devices were able to toleratepressure in excess of 90 bars. The PET column was packed with 5 ?m C18 silicabeads to perform reverse phase chromatography separation. The array was electrochemically characterised using standard redox probes in bothstagnant conditions and under flow. Both numerical modelling and experimental datashow improved sensitivity under flow and a limiting current which scaled linearlywith cubic root of volume flow rate. Isocratic and gradient mode chromatographicseparations of neurotransmitters and metabolites: serotonin, dopamine, adrenaline, 5-HIAA and DOPAC were conducted in the fabricated device. Separation progress waselectrochemically detected at multiple locations along the column. Whole columnassessment on separation efficiency and column packing efficiency monitoring wereconducted using the ICED.
=538  \\$aMode of access: World Wide Web.
=710  2\$aImperial College, London.
=852  4\$aBritish Library$bDSC$cDRT$j511301
=856  40$uhttp://hdl.handle.net/10044/1/5295
=859  \\$aXLD$bEThOS
=CAT  \\$aETHOSBKLG$b00$c20111010$lBLL01$h1535
=CAT  \\$aETHOSBKLG$c20111010$lBLL01$h1607
=CAT  \\$aETHOSBKLG$c20111010$lBLL01$h1631
=CAT  \\$aBATCH$b00$c20111010$lBLL01$h1822
=CAT  \\$aBATCH-UPD$b00$c20121030$lBLL01$h1022
=CAT  \\$aWR13.117$c20130727$lBLL01$h2008
=CAT  \\$aWR13.144/5$c20140418$lBLL01$h1027
=CAT  \\$aBATCH-ETHO$b00$c20140502$lBLL01$h0139
=CAT  \\$aBATCH-ETH8$c20170506$lBLL01$h1041
=DRT  \\$aETHOS
=FIN  \\$aY$d20111010
=FMT  \\$a  BK
=LAS  \\$aBATCH-ETH8$b00$c20170506$lBLL01$h1041
=SRC  \\$aEThOS$bethos_marc_111007.mrc
=STA  \\$aSUPPRESSED$bEThOS can't supply or embargoed

