=LDR  03445 am a22004697a 4500
=001  015921867
=003  Uk
=005  20111010153510.0
=006  m\\\\\\\\d\\\\\\\\
=007  cr\|||||||||||
=008  101031s2009\\\\xxk\\\\\sbm\\\000\0\eng\\
=040  \\$aUk$beng$cUk
=082  04$a611$223
=100  1\$aGeorge, Julian H. S.
=245  10$aEngineering of fibrous scaffolds for use in regenerative medicine$h[electronic resource].
=260  \\$bImperial College London,$c2009.
=300  \\$ap. :$bdigital, PDF file.
=336  \\$atext$2rdacontent
=337  \\$acomputer$2rdamedia
=338  \\$aonline resource$2rdacarrier
=502  \\$aThesis (Ph.D.)--Imperial College London, 2009.
=504  \\$aIncludes bibliographical references.
=520  3\$aTissue engineering with fibrous scaffolds is emerging as a major research area in the field of regenerative medicine. The major themes pursued in this thesis are the study of the cellular response to nanofibrous constructs, the role of nanofibres in the engineering of synthetic scaffolds, and the development of technology to facilitate the fabrication of nanofibrous scaffolds with controlled architectures. Cells cultured on multi-walled carbon nanotubes displayed reduced proliferation and altered cytoskeletal development, thought to be due to the undermining of the maturation of focal adhesions. Development of an electrospinning chamber enabled the creation of poly(methyl methacrylate), poly(lactic acid) and poly(caprolactone) fibres for the study of cellular response to nano- and macro-fibrous scaffolds. Cell attachment and organisation on the electrospun fibres was visualised using scanning electron microscopy, oblique microscopy and live cell microscopy. It was found that the incorporation of nanofibres into scaffolds restricts the maturation of focal adhesions which modulates cytoskeletal formation. This can be used to restrict the migration and the proliferation of attachment dependant cells such as osteoblasts or maintain the differentiation of cells such as chondrocytes. To scale up electrospun fibre production, use of rotating collectors, multi-jet spinning and secondary electrodes to focus the spinning were investigated. Further to this, development of an array of focusing electrodes to control, stabilise and deflect the jet was also investigated towards the creation of a rapid prototype electrospinning system. The secondary electrode array was found to reduce the spreading of the jet to a spot diameter of 10mm and charged deflection plates successfully redirecting the position of the jet as it arrived at the collector.
=538  \\$aMode of access: World Wide Web.
=710  2\$aImperial College, London.
=852  4\$aBritish Library$bDSC$cDRT$j511302
=856  40$uhttp://hdl.handle.net/10044/1/5298
=859  \\$aXLD$bEThOS
=CAT  \\$aETHOSBKLG$b00$c20111010$lBLL01$h1535
=CAT  \\$aETHOSBKLG$c20111010$lBLL01$h1607
=CAT  \\$aETHOSBKLG$c20111010$lBLL01$h1631
=CAT  \\$aBATCH$b00$c20111010$lBLL01$h1822
=CAT  \\$aBATCH-UPD$b00$c20121030$lBLL01$h1022
=CAT  \\$aWR13.117$c20130727$lBLL01$h2008
=CAT  \\$aWR13.144/5$c20140418$lBLL01$h1027
=CAT  \\$aBATCH-ETHO$b00$c20140502$lBLL01$h0139
=DRT  \\$aETHOS
=FIN  \\$aY$d20111010
=FMT  \\$a  BK
=LAS  \\$aBATCH-ETHO$b00$c20140502$lBLL01$h0139
=SRC  \\$aEThOS$bethos_marc_111007.mrc
=STA  \\$aSUPPRESSED$bEThOS can't supply or embargoed

