=LDR  04041 am a22004817a 4500
=001  015921871
=003  Uk
=005  20111010153510.0
=006  m\\\\\\\\d\\\\\\\\
=007  cr\|||||||||||
=008  111010s2009\\\\xxk\\\\\sbm\\\000\0\eng\\
=040  \\$aUk$beng$cUk$dUk
=082  04$a547.6$223
=100  1\$aTseng, Chih-Chung.
=245  14$aThe Synthesis of Bioactive Compounds by Using Phase-tagged Germanium Chemistry$h[electronic resource].
=260  \\$bImperial College, London,$c2009.
=300  \\$ap. :$bdigital, PDF file.
=336  \\$atext$2rdacontent
=337  \\$acomputer$2rdamedia
=338  \\$aonline resource$2rdacarrier
=502  \\$aThesis (Ph.D.)--Imperial College London, 2009.
=504  \\$aIncludes bibliographical references.
=520  3\$aThe research described in this thesis covers two fields of investigation:1) Biaryl and styrene Synthesis by Cross-Coupling of Fluorous-tagged Photo-activatedArylgermanes and Towards the Preparation of Boscalid and AnaloguesBiaryls are generally prepared by cross-coupling between aryl metals. However, even themost robust of these aryl metal species cannot be carried through complex syntheticsequences due to their reactivity particularly towards electrophiles. In this thesis, thedevelopment of trialkylgermanes as ?safety-catch? coupling precursors for biaryl and styrenesynthesis was achieved. The safety-catch germanes are fluorous-tagged to facilitate parallelsynthesis using fluorous SPE techniques and are activated towards Pd(0)-catalysedcross-coupling with aryl bromides by oxidative photolysis using a UV lamp. The stabilityprofile of the fluorous-tagged arylgermanes was examined. They are stable under strongbasic, nucleophilic and reductive conditions but labile in acidic and oxidative environments. This stability profile provides unique opportunities for synthetic route design in targetorientated syntheses by allowing the germane group to be installed early in the sequence butonly activated for cross-coupling when required. This method has been applied to thesynthesis of the plant anti-fungal agent boscalid? and its alkynyl derivatives.2) Novel Protocol for Solid Phase Synthesis of Radio-iodinated Ligands for Imagingof Cannabinoid Receptors in the BrainRimonabant? is a CB1 receptor antagonist indicated for the treatment of obesity, metabolicsyndrome, addiction and smoking cessation. Radio-labelled analogues are potential PET(Positron Emission Tomography) and SPECT (Single Photon Emission ComputedTomography) imaging agents for visualising the distribution of cannabinoid receptors inthe brain for medical research. Conventional methods for the preparation of radio-iodinatedcannabinoid receptor ligands employ organostannane precursors which undergoelectrophilic ipso-iododestannylation with concomitant formation of toxic organostannaneby-products. Rigorous removed of organostannane residues is necessary prior to injectionthe ligand for in vivo experiments. In this thesis, a novel, non-toxic, solid-supported andfacile approach for the parallel synthesis of iodinated cannabinoid receptor ligands basedon the skeleton of rimonabant has been demonstrated.
=538  \\$aMode of access: World Wide Web.
=710  2\$aImperial College, London.
=852  4\$aBritish Library$bDSC$cDRT$j511306
=856  40$uhttp://hdl.handle.net/10044/1/5290
=859  \\$aXLD$bEThOS
=CAT  \\$aETHOSBKLG$b00$c20111010$lBLL01$h1535
=CAT  \\$aETHOSBKLG$c20111010$lBLL01$h1607
=CAT  \\$aETHOSBKLG$c20111010$lBLL01$h1631
=CAT  \\$aBATCH$b00$c20111010$lBLL01$h1822
=CAT  \\$aBATCH-UPD$b00$c20121030$lBLL01$h1022
=CAT  \\$aWR13.117$c20130727$lBLL01$h2008
=CAT  \\$aWR13.144/5$c20140418$lBLL01$h1027
=CAT  \\$aBATCH-ETHO$b00$c20140502$lBLL01$h0139
=CAT  \\$aBATCH-ETH8$c20170506$lBLL01$h1041
=DRT  \\$aETHOS
=FIN  \\$aY$d20111010
=FMT  \\$a  BK
=LAS  \\$aBATCH-ETH8$b00$c20170506$lBLL01$h1041
=SRC  \\$aEThOS$bethos_marc_111007.mrc
=STA  \\$aSUPPRESSED$bEThOS can't supply or embargoed

