=LDR  04592 am a22004937a 4500
=001  015921873
=003  Uk
=005  20111010153510.0
=006  m\\\\\\\\d\\\\\\\\
=007  cr\|||||||||||
=008  111010s2009\\\\xxk\\\\\sbm\\\000\0\eng\\
=040  \\$aUk$beng$cUk$dUk
=082  04$a624.17$223
=100  1\$aClarke, Thomas.
=245  10$aGuided wave health monitoring of complex structures$h[electronic resource].
=260  \\$bImperial College, London,$c2009.
=300  \\$ap. :$bdigital, PDF file.
=336  \\$atext$2rdacontent
=337  \\$acomputer$2rdamedia
=338  \\$aonline resource$2rdacarrier
=502  \\$aThesis (Ph.D.)--Imperial College London, 2009.
=504  \\$aIncludes bibliographical references.
=520  3\$aStructural Health Monitoring (SHM) systems are widely regarded as capable ofsignificantly reducing inspection costs of safety-critical structures in industries suchas aerospace, nuclear, and oil and gas, among others. Successful SHM systems canbe considered those which combine good sensitivity to defects, preferably with thecapability of localization and identification, with a low sensor density. Techniquesbased on sparse arrays of sensors which generate and receive guided waves are amongthe most promising candidates. Guided waves propagate over large distances andcertain modes have the ability to transmit through a variety of structural featuresleading to a relatively small number of distributed sensors being able to cover thestructure. In complex structures, which contain high densities of structural elements, the timetracesobtained are often too complex to be directly interpreted due to the largenumber of overlapping reflections. In this case, the Baseline Subtraction techniquebecomes attractive. In this method a current signal from the structure is subtractedfrom a signal which has been acquired during the initial stages of operation of thestructure. This eliminates the need for interpretation of the complex raw time signaland any defects will be clearly seen provided the amplitude of the residual signal obtainedafter subtraction of the baseline signal is sufficiently low when the structure isundamaged. However, it is well known that environmental effects such as stress, ambienttemperature variations and liquid loading affect the velocity of guided waves;this modifies the time-traces and leads to high levels of residual signal if a singlebaseline, taken under different conditions, is used. Of these effects, temperaturevariations are the most commonly encountered and are critical since they affect notonly the wave propagation but also the response of transducers. The present work aims to demonstrate the potential of guided wave health monitoringof large area complex structures. It starts with a general literature reviewon inspection and monitoring of large area structures, in which the advantages anddisadvantages of this technique compared to other well-established SHM techniques are presented. The design and behaviour of two different temperature-stable transducersgenerating high A0 or S0 mode purity in the sub-200kHz frequency regionare described. The effciency of different signal processing techniques aimed at reducingor eliminating the influence of temperature on wave propagation is evaluatedand a temperature compensation signal processing strategy is proposed. Finally, alarge metallic structure is used to demonstrate a sparse-array SHM system basedon this signal processing strategy, and imaging algorithms are used to combine theinformation from a large number of sensor combinations, ultimately leading to thelocalization of defects artificially introduced in the structure.
=536  \\$aSponsored by: CAPES
=538  \\$aMode of access: World Wide Web.
=710  2\$aImperial College, London.
=852  4\$aBritish Library$bDSC$cDRT$j511308
=856  40$uhttp://hdl.handle.net/10044/1/5288
=859  \\$aXLD$bEThOS
=CAT  \\$aETHOSBKLG$b00$c20111010$lBLL01$h1535
=CAT  \\$aETHOSBKLG$c20111010$lBLL01$h1607
=CAT  \\$aETHOSBKLG$c20111010$lBLL01$h1631
=CAT  \\$aBATCH$b00$c20111010$lBLL01$h1822
=CAT  \\$aBATCH-UPD$b00$c20121030$lBLL01$h1022
=CAT  \\$aWR13.117$c20130727$lBLL01$h2008
=CAT  \\$aWR13.144/5$c20140418$lBLL01$h1027
=CAT  \\$aBATCH-ETHO$b00$c20140502$lBLL01$h0139
=CAT  \\$aBATCH-ETH8$c20170506$lBLL01$h1041
=DRT  \\$aETHOS
=FIN  \\$aY$d20111010
=FMT  \\$a  BK
=LAS  \\$aBATCH-ETH8$b00$c20170506$lBLL01$h1041
=SRC  \\$aEThOS$bethos_marc_111007.mrc
=STA  \\$aSUPPRESSED$bEThOS can't supply or embargoed

