=LDR  04097 am a22004817a 4500
=001  015921876
=003  Uk
=005  20111010153510.0
=006  m\\\\\\\\d\\\\\\\\
=007  cr\|||||||||||
=008  111010s2009\\\\xxk\\\\\sbm\\\000\0\eng\\
=040  \\$aUk$beng$cUk$dUk
=082  04$a612$223
=100  1\$aWalia, Anoop Singh.
=245  10$aNovel Current-Mode Sensor Interfacing and Radio Blocks for Cell Culture Monitoring$h[electronic resource].
=260  \\$bImperial College, London,$c2009.
=300  \\$ap. :$bdigital, PDF file.
=336  \\$atext$2rdacontent
=337  \\$acomputer$2rdamedia
=338  \\$aonline resource$2rdacarrier
=502  \\$aThesis (Ph.D.)--Imperial College London, 2009.
=504  \\$aIncludes bibliographical references.
=520  3\$aSince 2004 Imperial College has been developing the world?s first application-specificinstrumentation aiming at the on-line, in-situ, physiochemical monitoring of adult stemcell cultures. That effort is internationally known as the ?Intelligent Stem Cell CultureSystems? (ISCCS) project. The ISCCS platform is formed by the functional integrationof biosensors, interfacing electronics and bioreactors. Contrary to the PCB-levelISCCS platform the work presented in this thesis relates to the realization of a miniaturizedcell culture monitoring platform. Specifically, this thesis details the synthesis andfabrication of pivotal VLSI circuit blocks suitable for the construction of a miniaturizedmicroelectronic cell monitoring platform. The thesis is composed of two main parts. The first part details the design and operation of a two-stage current-input currentoutputtopology suitable for three-electrode amperometric sensor measurements. Thefirst stage is a CMOS-dual rail-class AB-current conveyor providing a low impedancevirtualground node for a current input. The second stage is a novel hyperbolic-sinebasedexternally-linear internally-non-linear current amplification stage. This stagebases its operation upon the compressive sinh?1 conversion of the interfaced currentto an intermediate auxiliary voltage and the subsequent sinh expansion of the samevoltage. The proposed novel topology has been simulated for current-gain values rangingfrom 10 to 1000 using the parameters of the commercially available 0.8?m AMSCMOS process. Measured results from a chip fabricated in the same technology are alsoreported. The proposed interfacing/amplification architecture consumes 0.88-95?W. The second part describes the design and practical evaluation of a 13.56MHz frequencyshift keying (FSK) short-range (5cm) telemetry link suitable for the monitoring of incubatedcultures. Prior to the design of the full FSK radio system, a pair of 13.56MHzantennae are characterized experimentally. The experimental S-parameter-value determinationof the 13.56MHz wireless link is incorporated into the Cadence DesignFramework allowing a high fidelity simulation of the reported FSK radio. The transmitterof the proposed system is a novel multi-tapped seven-stage ring-oscillator-basedVCO whereas the core of the receiver is an appropriately modified phase locked loop(PLL). Simulated and measured results from a 0.8?m CMOS technology chip are reported.
=538  \\$aMode of access: World Wide Web.
=710  2\$aImperial College, London.
=852  4\$aBritish Library$bDSC$cDRT$j511311
=856  40$uhttp://hdl.handle.net/10044/1/5291
=859  \\$aXLD$bEThOS
=CAT  \\$aETHOSBKLG$b00$c20111010$lBLL01$h1535
=CAT  \\$aETHOSBKLG$c20111010$lBLL01$h1607
=CAT  \\$aETHOSBKLG$c20111010$lBLL01$h1631
=CAT  \\$aBATCH$b00$c20111010$lBLL01$h1822
=CAT  \\$aBATCH-UPD$b00$c20121030$lBLL01$h1022
=CAT  \\$aWR13.117$c20130727$lBLL01$h2008
=CAT  \\$aWR13.144/5$c20140418$lBLL01$h1027
=CAT  \\$aBATCH-ETHO$b00$c20140502$lBLL01$h0139
=CAT  \\$aBATCH-ETH8$c20170506$lBLL01$h1041
=DRT  \\$aETHOS
=FIN  \\$aY$d20111010
=FMT  \\$a  BK
=LAS  \\$aBATCH-ETH8$b00$c20170506$lBLL01$h1041
=SRC  \\$aEThOS$bethos_marc_111007.mrc
=STA  \\$aSUPPRESSED$bEThOS can't supply or embargoed

