=LDR  03719 am a22004937a 4500
=001  015921877
=003  Uk
=005  20111010153510.0
=006  m\\\\\\\\d\\\\\\\\
=007  cr\|||||||||||
=008  111010s2009\\\\xxk\\\\\sbm\\\000\0\eng\\
=040  \\$aUk$beng$cUk$dUk
=082  04$a539.6$223
=100  1\$aTallents, Sebastian.
=245  10$aInvestigations of the MAST SOL using the reciprocating probe system$h[electronic resource].
=260  \\$bImperial College, London,$c2009.
=300  \\$ap. :$bdigital, PDF file.
=336  \\$atext$2rdacontent
=337  \\$acomputer$2rdamedia
=338  \\$aonline resource$2rdacarrier
=502  \\$aThesis (Ph.D.)--Imperial College London, 2009.
=504  \\$aIncludes bibliographical references.
=520  3\$aParallel flow in the scrape-off layer is a major area of interest in tokamak research, impacting on impurity transport, tritium retention and H-mode access. The work presented here is the first major investigation of SOL flow in the Mega Ampere Spherical Tokamak (MAST), using a Gundestrup probe specifically designed for the task. The results of a parameter scan in poloidal field, B*, and temperature, T, of parallel velocity at the outboard mid-plane are presented, and the results and scalings compared to B2SOLPS5.0 simulations of MAST and a simple analytical model, in order to identify the relative importance of drift mechanisms (such as Pfirsch-Schluter and E x B) for driving parallel flow. The results show the predicted linear scaling with temperature and poloidal field strength, but also suggest a density dependence. Another major are of interest is the discovery in recent years of coherent filamentary structures that are radially convected through the L-mode SOL. These filaments are believed to contain sharp gradients in temperature, density and plasma potential, complicating probe analysis. An investigation to characterise the intermittency of the MAST SOL, its dependencies on poloidal field strength, density or temperature, and the impact of the filaments on probe measurements was also carried out, and a probe was built to further investigate the structure and dynamics of the filaments. Based on these experiments a method for resolving the flow in the filaments and background plasma was developed and applied in the flow experiments described above. It is found that the parallel Mach numbers are lower in the filaments than the ambient plasma in the far SOL - suggesting either ion temperatures are at least on the order of 4 times the electron temperature - or parallel flow velocity is substantially lower in the filaments than in the background plasma.
=536  \\$aSponsored by: United Kingdom Engineering and Physical Sciences Research Council and by the European Communities under the Contract of Association between EURATOM and UKAEA
=538  \\$aMode of access: World Wide Web.
=710  2\$aImperial College, London.
=852  4\$aBritish Library$bDSC$cDRT$j511312
=856  40$uhttp://hdl.handle.net/10044/1/5292
=859  \\$aXLD$bEThOS
=CAT  \\$aETHOSBKLG$b00$c20111010$lBLL01$h1535
=CAT  \\$aETHOSBKLG$c20111010$lBLL01$h1607
=CAT  \\$aETHOSBKLG$c20111010$lBLL01$h1631
=CAT  \\$aBATCH$b00$c20111010$lBLL01$h1822
=CAT  \\$aBATCH-UPD$b00$c20121030$lBLL01$h1022
=CAT  \\$aWR13.117$c20130727$lBLL01$h2008
=CAT  \\$aWR13.144/5$c20140418$lBLL01$h1027
=CAT  \\$aBATCH-ETHO$b00$c20140502$lBLL01$h0139
=CAT  \\$aBATCH-ETH8$c20170506$lBLL01$h1041
=DRT  \\$aETHOS
=FIN  \\$aY$d20111010
=FMT  \\$a  BK
=LAS  \\$aBATCH-ETH8$b00$c20170506$lBLL01$h1041
=SRC  \\$aEThOS$bethos_marc_111007.mrc
=STA  \\$aSUPPRESSED$bEThOS can't supply or embargoed

