=LDR  04334 am a22004697a 4500
=001  015921878
=003  Uk
=005  20111010153510.0
=006  m\\\\\\\\d\\\\\\\\
=007  cr\|||||||||||
=008  101031s2009\\\\xxk\\\\\sbm\\\000\0\eng\\
=040  \\$aUk$beng$cUk
=082  04$a612$223
=100  1\$aGhosh, Kanishka Milton.
=245  14$aThe effects of total knee replacement on the extensor retinaculum of the knee$h[electronic resource].
=260  \\$bImperial College London,$c2009.
=300  \\$a205 p. :$bdigital, PDF file.
=336  \\$atext$2rdacontent
=337  \\$acomputer$2rdamedia
=338  \\$aonline resource$2rdacarrier
=502  \\$aThesis (M.D.)--Imperial College London, 2009.
=504  \\$aIncludes bibliographical references.
=520  3\$aIntroduction: Patellofemoral dysfunction following total knee replacement(TKR) is significant. Due to the intimate relationship of the femoral component and patella, aspects of knee arthroplasty such as femoral component malrotation and patellofemoral overstuff have been sited as predisposing factors to such complications. The principal structures of the extensor retinaculum act as a check rein for the patella as it tracks over the femur. Little biomechanical information is available on the behaviour of these structures, or the effects of TKR on them. Aim: The aim of this thesis was to measure retinacular behaviour in the normal knee and following TKR. We hypothesise that TKR will cause significant elongation of the retinacula and this would be further deranged with the addition of femoral component malrotation and patellofemoral overstuff. Methods: Retinacular length changes were measured by threading fine sutures along the retinacula and attaching these to displacement transducers. The intact knee was flexed-extended on a custom built rig, while the quadriceps were tensed. Measurements were repeated post-TKR (Genesis II CR, Smith & Nephew Co.), following internal/external rotation of the femoral component 5° and finally altering the resurfaced patellar thickness by 2mm increments. Results: The medial patellofemoral ligament (MPFL) was close to isometric, whereas the lateral retinaculum slackened significantly with knee extension. TKR did not cause statistically significant elongation of the retinacula. Internal rotation of the femoral component resulted in the MPFL slackening whereas external rotation resulted in the MPFL tightening as the knee extended. The lateral retinaculum showed no significant differences. Overstuffing the patellofemoral joint caused significant stretching of the MPFL at all angles of knee flexion, but very little change in the lateral retinaculum. Conclusion: This work has shown a correctly positioned TKR does not cause significant retinacular length changes sufficient to affect knee function. It has shown that small changes in femoral component rotation and patellofemoral overstuff of 4mm cause significant changes, particularly in the medial structures and not the lateral structures, contrary to current understanding. This work has described for the first time how the lateral retinaculum's mobile attachments allow its principal fibres to move anteriorly and posteriorly with the patella, taking up any slack/tension produced by abnormal patellar shift/tilt. This work provides important insight into the contribution of the retinacula to patellofemoral biomechanics after knee replacements and may help in developing a more soft tissue friendly knee prosthesis.
=538  \\$aMode of access: World Wide Web.
=710  2\$aImperial College, London.
=852  4\$aBritish Library$bDSC$cDRT$j511313
=856  40$uhttp://hdl.handle.net/10044/1/5293
=859  \\$aXLD$bEThOS
=CAT  \\$aETHOSBKLG$b00$c20111010$lBLL01$h1535
=CAT  \\$aETHOSBKLG$c20111010$lBLL01$h1607
=CAT  \\$aETHOSBKLG$c20111010$lBLL01$h1631
=CAT  \\$aBATCH$b00$c20111010$lBLL01$h1822
=CAT  \\$aBATCH-UPD$b00$c20121030$lBLL01$h1022
=CAT  \\$aWR13.117$c20130727$lBLL01$h2008
=CAT  \\$aWR13.144/5$c20140418$lBLL01$h1027
=CAT  \\$aBATCH-ETHO$b00$c20140502$lBLL01$h0139
=DRT  \\$aETHOS
=FIN  \\$aY$d20111010
=FMT  \\$a  BK
=LAS  \\$aBATCH-ETHO$b00$c20140502$lBLL01$h0139
=SRC  \\$aEThOS$bethos_marc_111007.mrc
=STA  \\$aSUPPRESSED$bEThOS can't supply or embargoed

