=LDR  03775 am a22004817a 4500
=001  015922885
=003  Uk
=005  20111010153521.0
=006  m\\\\\\\\d\\\\\\\\
=007  cr\|||||||||||
=008  111010s2010\\\\xxk\\\\\sbm\\\000\0\eng\\
=040  \\$aUk$beng$cUk$dUk
=082  04$a662$223
=100  1\$aAkhtar, Naveed.
=245  10$aSingle-Chamber solid oxide fuel cells$h[electronic resource] :$bmodelling and experiments.
=260  \\$bUniversity of Birmingham,$c2010.
=300  \\$ap. :$bdigital, PDF file.
=336  \\$atext$2rdacontent
=337  \\$acomputer$2rdamedia
=338  \\$aonline resource$2rdacarrier
=502  \\$aThesis (Ph.D.)--University of Birmingham, 2010.
=504  \\$aIncludes bibliographical references.
=520  3\$aThe objective of this work is to compare the performance of different geometries (i.e. planar, coplanar and micro tubular) under single-chamber (mixed-reactant) solid oxide fuel cell (SC-SOFC) conditions. In this respect, these designs have been computer analyzed and it is found that the micro-tubular design eliminates the possibility of cross diffusion/convection from the counter electrode, which is an inherent disadvantage in planar and co-planar designs. This is the first experimental report describing that the micro-tubular design offers the highest fuel utilization, cell efficiency and an acceptable level of performance (under single-chamber conditions) as compared to other designs. With the help of developed numerical model (also the first one, on mixed-reactant, micro-tubular design), it is demonstrated that there is a possibility of further improvement in performance, e.g. cell positioning, micro-tube diameter and cathode morphology (its micro-structure and material) are important factors to consider. Other parameters such as, flow rate, temperature and mixing ratio are also very effective in improving the cell performance but these parameters should be carefully controlled in order to avoid their counter-effects, like, lower fuel utilization, material degradation, anode coking and oxidation-reduction. There are some other parameters such as, electrode porosity, permeability and cathode radiative emissivity, which have minimal effect in performance enhancement and it is suggested before investing time on these parameters, a net energy and cost analysis would be very helpful. There are still some issues with choosing appropriate materials for building an SC-SOFC with both an acceptable lifetime and production of electrical energy. While it has been observed that most of the problems related to material degradation are thermally driven, it would be very helpful to lower the operating temperature by using intermediate temperature SOFC materials. Further to this, long term degradation studies and performance cycling will benefit in order to determine their suitability under mixed-reactant environment.
=538  \\$aMode of access: World Wide Web.
=710  2\$aUniversity of Birmingham.
=852  4\$aBritish Library$bDSC$cDRT$j512408
=856  40$uhttp://etheses.bham.ac.uk/626/
=859  \\$aXLD$bEThOS
=CAT  \\$aETHOSBKLG$b00$c20111010$lBLL01$h1535
=CAT  \\$aETHOSBKLG$c20111010$lBLL01$h1607
=CAT  \\$aETHOSBKLG$c20111010$lBLL01$h1631
=CAT  \\$aBATCH$b00$c20111010$lBLL01$h1823
=CAT  \\$aBATCH-UPD$b00$c20121030$lBLL01$h1022
=CAT  \\$aWR13.117$c20130727$lBLL01$h2009
=CAT  \\$aWR13.144/5$c20140418$lBLL01$h1027
=CAT  \\$aBATCH-ETHO$b00$c20140502$lBLL01$h0139
=CAT  \\$aBATCH-ETH8$c20170506$lBLL01$h1041
=DRT  \\$aETHOS
=FIN  \\$aY$d20111010
=FMT  \\$a  BK
=LAS  \\$aBATCH-ETH8$b00$c20170506$lBLL01$h1041
=SRC  \\$aEThOS$bethos_marc_111007.mrc
=STA  \\$aSUPPRESSED$bEThOS can't supply or embargoed

