=LDR  03058 am a22004697i 4500
=001  015923644
=003  Uk
=005  20111010153529.0
=006  m\\\\|\\\d\|\\\\\\
=007  cr||||||||||||
=008  100408s2009\\\\enk\\\\\sbm\\\000\0\eng\\
=040  \\$aUk$beng$cUk
=082  14$a616.99$215
=100  1\$aHalliday, Amy Catherine.
=245  10$aInvestigation of the mechanisms of estrogen receptor activation by phosphorylation$h[electronic resource] /$cAmy Catherine Halliday.
=260  \\$aLondon :$bImperial College London,$c2009.
=300  \\$a234 p. :$bdigital, PDF file.
=336  \\$atext$2rdacontent
=337  \\$acomputer$2rdamedia
=338  \\$aonline resource$2rdacarrier
=502  \\$aThesis (Ph.D.)--Imperial College London, 2009.
=504  \\$aIncludes bibliographical references.
=520  3\$aBreast cancer growth is estrogen- regulated in many cases. Estrogen actions are mediated by estrogen receptors ERα and ERβ. Whilst the involvement of ERβ in breast cancer is unresolved at present, up to 80% of breast tumours are ERα- positive and likely to respond to endocrine therapies, such as anti-estrogens. However, a substantial proportion of patients develop a resistance to such treatments. Most resistant tumours continue to express ERα and many will respond to an alternative hormonal therapy, indicating that ERα continues to be important following the emergence of resistance. One proposed mechanism for endocrine resistance is post-translational modification of the ERα, particularly phosphorylation of ERα within the transcription activation domain AF1. This project investigates how the phosphorylation at residues within the AF1 domain is linked to ERα activation and tumour cell growth in the presence of tamoxifen and in the absence of ligand, by stable introduction of ERα phosphorylation site mutants in the MCF7 human breast cancer cell line, commonly used as a model for ERα-positive breast cancer. Characterisation of these lines suggests that phosphorylation at the sites within the AF1 domain of the ER increases the agonist activity of tamoxifen. Further studies to determine the mechanisms by which ERα activity is regulated by phosphorylation within AF1 are discussed.
=538  \\$aMode of access: World Wide Web.
=710  2\$aImperial College, London.
=852  4\$aBritish Library$bDSC$cDRT$j513377
=856  40$uhttp://hdl.handle.net/10044/1/4348
=859  \\$aXLD$bEThOS
=CAT  \\$aETHOSBKLG$b00$c20111010$lBLL01$h1535
=CAT  \\$aETHOSBKLG$c20111010$lBLL01$h1607
=CAT  \\$aETHOSBKLG$c20111010$lBLL01$h1631
=CAT  \\$aBATCH$b00$c20111010$lBLL01$h1823
=CAT  \\$aBATCH-UPD$b00$c20121030$lBLL01$h1022
=CAT  \\$aWR13.117$c20130727$lBLL01$h2009
=CAT  \\$aWR13.144/5$c20140418$lBLL01$h1028
=CAT  \\$aBATCH-ETHO$b00$c20161002$lBLL01$h0128
=DRT  \\$aETHOS
=FIN  \\$aY$d20111010
=FMT  \\$a  BK
=LAS  \\$aBATCH-ETHO$b00$c20161002$lBLL01$h0128
=SRC  \\$aEThOS$bethos_marc_111007.mrc
=STA  \\$aSUPPRESSED$bEThOS can't supply or embargoed

