=LDR  04894 am a22004817a 4500
=001  015923647
=003  Uk
=005  20111010153529.0
=006  m\\\\\\\\d\\\\\\\\
=007  cr\|||||||||||
=008  111010s2008\\\\xxk\\\\\sbm\\\000\0\eng\\
=040  \\$aUk$beng$cUk$dUk
=082  04$a621.31$223
=100  1\$aBrucoli, Maria.
=245  10$aFault behaviour and fault detection in islanded inverter-only microgrids$h[electronic resource].
=260  \\$bImperial College, London,$c2008.
=300  \\$ap. :$bdigital, PDF file.
=336  \\$atext$2rdacontent
=337  \\$acomputer$2rdamedia
=338  \\$aonline resource$2rdacarrier
=502  \\$aThesis (Ph.D.)--Imperial College London, 2008.
=504  \\$aIncludes bibliographical references.
=520  3\$aThe increase in popularity of the microgrid concept requires the analysis and solution ofthe numerous technical issues arising from the operation and integration of the microgridinto the original distribution network. The work presented in this thesis is centred onthe study of the fault behaviour of inverter-only microgrids and on the development of asuitable fault detection technique. This task is approached by first understanding the behaviour of a microgrid during afault and the factors affecting it. A complete description and analysis of the key elementsin the study of microgrid fault behaviour is presented. Then, three microgrid models withdifferent inverter control methods (i.e. Synchronous Reference Frame control, NaturalReference Frame control and droop control) and with various current limiting strategiesare built in PSCAD and their fault behaviour is simulated, analyzed and compared. It is found that the control of the inverter is able to shape the response of themicrogrid in the event of a fault. The constraints to this capability are the inverter?s ratings(current and voltage limits) and the characteristic changes in the network introduced byfaults. Moreover, it is found that the control in the Natural Reference Frame gives betterfault response, in terms of voltage control and simplicity in implementation, comparedwith the popular control in the Synchronous Reference Frame. The behaviour of the system is then further analyzed by developing quasi steadystateinverter models suitable for numerical fault analysis. The models are developedstarting from the inverter control and analyzing how it changes in the event of a fault. Bycombining control gains and circuit parameters, they result in being capable of capturingthe key features of inverters? fault behaviour. Depending on the control strategy, some ofthese models are balanced and therefore are directly applicable in numerical fault analysisbased on sequence components. Others are unbalanced and therefore require a fault analysisbased on a direct phase coordinates representation of the network. Examples on howto perform numerical fault analysis calculations with balanced and unbalanced models aregiven and the numerical results well compare with the ones obtained from time-domainsimulations using PSCAD.From the knowledge of the microgrid fault behaviour developed analyzing the responsesin time-domain simulations and by using the developed inverter models to numericallycalculate voltages and currents in the microgrid during different faults at variouslocations, a fault detection strategy based on voltage sequence components is proposed. Indeed, it is the behaviour of the inverter control during faults which makes the monitoringof voltage sequence components the best discriminator between normal operationand fault operation. The three building blocks of the fault detection strategy which arecapable of a fast extraction and comparison of voltage sequence components are describedand then the performance of the fault detection strategy for different faults and microgridoperating conditions is tested in PSCAD and discussed. Finally, examples are given onhow this voltage detection can be used in the design of a microgrid protection system.
=538  \\$aMode of access: World Wide Web.
=710  2\$aImperial College, London.
=852  4\$aBritish Library$bDSC$cDRT$j513384
=856  40$uhttp://hdl.handle.net/10044/1/4387
=859  \\$aXLD$bEThOS
=CAT  \\$aETHOSBKLG$b00$c20111010$lBLL01$h1535
=CAT  \\$aETHOSBKLG$c20111010$lBLL01$h1607
=CAT  \\$aETHOSBKLG$c20111010$lBLL01$h1631
=CAT  \\$aBATCH$b00$c20111010$lBLL01$h1823
=CAT  \\$aBATCH-UPD$b00$c20121030$lBLL01$h1022
=CAT  \\$aWR13.117$c20130727$lBLL01$h2009
=CAT  \\$aWR13.144/5$c20140418$lBLL01$h1028
=CAT  \\$aBATCH-ETHO$b00$c20140502$lBLL01$h0139
=CAT  \\$aBATCH-ETH8$c20170506$lBLL01$h1041
=DRT  \\$aETHOS
=FIN  \\$aY$d20111010
=FMT  \\$a  BK
=LAS  \\$aBATCH-ETH8$b00$c20170506$lBLL01$h1041
=SRC  \\$aEThOS$bethos_marc_111007.mrc
=STA  \\$aSUPPRESSED$bEThOS can't supply or embargoed

