=LDR  05220 am a22004937a 4500
=001  015923649
=003  Uk
=005  20111010153529.0
=006  m\\\\\\\\d\\\\\\\\
=007  cr\|||||||||||
=008  111010s2009\\\\xxk\\\\\sbm\\\000\0\eng\\
=040  \\$aUk$beng$cUk$dUk
=082  04$a662$223
=100  1\$aStein, Oliver.
=245  10$aLarge Eddy Simulation of Combustion in Swirling and Opposed Jet Flows$h[electronic resource].
=260  \\$bImperial College, London,$c2009.
=300  \\$ap. :$bdigital, PDF file.
=336  \\$atext$2rdacontent
=337  \\$acomputer$2rdamedia
=338  \\$aonline resource$2rdacarrier
=502  \\$aThesis (Ph.D.)--Imperial College London, 2009.
=504  \\$aIncludes bibliographical references.
=520  3\$aThis research concerns the Large Eddy Simulation (LES) of turbulent combustion inboth the premixed and the non-premixed regime. Non-premixed hybrid bluff-body/swirlflames are simulated by means of a steady flamelet model (Flamelet-LES) based ondetailed chemical kinetics. LES of lean premixed twin flames stabilised on a turbulentopposed jet (TOJ) burner are carried out using an algebraic Flame Surface Density model(FSD-LES) and a newly developed model based on Linear Eddy Mixing (LEM-LES).Isothermal swirling flow at a medium Reynolds and swirl number is simulated first andthe LES model is shown to accurately predict the velocity statistics and the complexflow field governed by vortex breakdown and two recirculation zones. The Flamelet-LES model is subsequently used to simulate a low speed swirling methane flame andthe capability of the model to predict downstream recirculation, vortex breakdown andcentral jet precession in the presence of heat release is demonstrated. The simulation oftwo high speed hydrogen/methane swirl flames with the Flamelet-LES model shows thatsome quantitative predictions of this challenging test case for combustion simulation canbe achieved, while the overall predictions are not satisfactory. The flamelet approach isfound sensitive to minor errors in the mixing field which strongly affect the simulationresults due to the highly non-linear mixture fraction/density relationship. Non-reacting simulations of turbulent opposed jet flows at moderate Reynolds numberare performed and compared to experimental reference data. The inclusion of the flowfield inside the nozzles into the computational domain is shown to yield accurate predictionsof the velocity statistics between the nozzles. For these predictions the detailedknowledge of the initial jet development region near the turbulence generating plates isvital and provided by PIV measurements inside a glass nozzle. FSD-LES of the twin premixedTOJ flames show that the velocity statistics, both along the burner axis and thestagnation plane, can be predicted to high accuracy. However, the algebraic flame surfacedensity model employed in the present study requires the adjustment of a model parameterand as a result, predictions of the turbulent burning velocity cannot be achieved. Thecomparison of two different interpretations of the FSD model show that a formulationusing an additional diffusion term allows for a better resolution of the premixed flamesin LES than the original formulation without diffusion. A complex LEM combustion model is first developed as a Stand-Alone approach tosimulate premixed combustion and subsequently coupled to LES. The LEM-LES modelrequires a number of sub-models to represent the effects of sub-grid stirring, finite-ratechemistry, sub-grid expansion, 3D convection (splicing) and flame propagation whichare described in detail. The LEM-LES model is - to the author's knowledge - thefirst attempt to simulate premixed flames with finite-rate chemistry in incompressibleturbulent flow. Preliminary results from the application of LEM-LES to the premixedtwin TOJ flames are reported and show a high sensitivity to the 3D convection modeland the requirement to improve the splicing procedure for premixed flames in anisotropicturbulent flow. The difficulty to accurately resolve the turbulent flow field by LES whilesimultaneously accommodating a premixed flame of finite thickness on the LEM sub-gridis found to be a challenge for the LEM-LES of premixed TOJ flames.
=536  \\$aSponsored by: EPSRC and Department of Mechanical Engineering
=538  \\$aMode of access: World Wide Web.
=710  2\$aImperial College, London.
=852  4\$aBritish Library$bDSC$cDRT$j513387
=856  40$uhttp://hdl.handle.net/10044/1/4393
=859  \\$aXLD$bEThOS
=CAT  \\$aETHOSBKLG$b00$c20111010$lBLL01$h1535
=CAT  \\$aETHOSBKLG$c20111010$lBLL01$h1607
=CAT  \\$aETHOSBKLG$c20111010$lBLL01$h1631
=CAT  \\$aBATCH$b00$c20111010$lBLL01$h1823
=CAT  \\$aBATCH-UPD$b00$c20121030$lBLL01$h1022
=CAT  \\$aWR13.117$c20130727$lBLL01$h2009
=CAT  \\$aWR13.144/5$c20140418$lBLL01$h1028
=CAT  \\$aBATCH-ETHO$b00$c20140502$lBLL01$h0139
=CAT  \\$aBATCH-ETH8$c20170506$lBLL01$h1041
=DRT  \\$aETHOS
=FIN  \\$aY$d20111010
=FMT  \\$a  BK
=LAS  \\$aBATCH-ETH8$b00$c20170506$lBLL01$h1041
=SRC  \\$aEThOS$bethos_marc_111007.mrc
=STA  \\$aSUPPRESSED$bEThOS can't supply or embargoed

