=LDR  03662 am a22004817i 4500
=001  015923650
=003  Uk
=005  20111010153529.0
=006  m\\\\\\\\d\\\\\\\\
=007  cr\|||||||||||
=008  101031s2008\\\\xxk\\\\\sbm\\\000\0\eng\\
=040  \\$aUk$beng$cUk
=082  14$a616.8$215
=100  1\$aSadeghian, Mona.
=245  10$aRole of inflammation in 6-hydroxydopamine model of Parkinson's disease and its modulation by Peroxisome Proliferator Activated Receptor gamma (PPAR-γ) agonist as a neuroprotective strategy$h[electronic resource].
=260  \\$bImperial College London,$c2008.
=300  \\$a245 p. :$bdigital, PDF file.
=336  \\$atext$2rdacontent
=337  \\$acomputer$2rdamedia
=338  \\$aonline resource$2rdacarrier
=502  \\$aThesis (Ph.D.)--Imperial College London, 2008.
=504  \\$aIncludes bibliographical references.
=520  3\$aParkinson's disease is an age related progressive neurodegenerative disorder affecting ~2% of the population over the age of 65. The aetiology of Parkinson's disease is not fully understood and treatment limited. Hence, the goal of ongoing research is to understand and target the mechanisms underlying the disease process to halt or slow down its progression. Parkinson's disease is pathologically characterised by the loss of dopaminergic neurons in the substantial nigra that leads to the loss of innervation to the striatum, subsequently leading to the motor complications observed in Parkinson's sufferers. Recent clinical and experimental evidence suggests that inflammation, characterised by over activation of the brain's resident immune cells such as microglia/macrophages, play a detrimental role in Parkinson's pathology. This project, for the first time, aims to explore the time course of microglial activation in association with dopaminergic neuronal cell death in the substantia nigra utilising the 6-hydroxydopamine rat model of Parkinson's. The dynamics of morphological, immunophenotypic and phagocytic properties of activated microglia in the substantia nigra was assessed immunohistochemically. In addition we explored the cellular events between activated microglia and degenerating neurons in this model that had not been previously well defined. The role of matrix metalloproteinases as signalling molecules that activate microglia were also studied. Finally the significance of local microglial activation in the substantia nigra was elucidated by modulation of the microglial response via activation of the gamma subtype of peroxisome proliferator activated receptors. This project provided evidence that microglial activation preceded dopaminergic neuronal cell death in the substantia nigra and inhibition of microglial response serves as a neuroprotective strategy in Parkinson's disease.
=536  \\$aSponsored by: GSK
=538  \\$aMode of access: World Wide Web.
=710  2\$aImperial College, London.
=852  4\$aBritish Library$bDSC$cDRT$j513390
=856  40$uhttp://hdl.handle.net/10044/1/4400
=859  \\$aXLD$bEThOS
=CAT  \\$aETHOSBKLG$b00$c20111010$lBLL01$h1535
=CAT  \\$aETHOSBKLG$c20111010$lBLL01$h1607
=CAT  \\$aETHOSBKLG$c20111010$lBLL01$h1631
=CAT  \\$aBATCH$b00$c20111010$lBLL01$h1823
=CAT  \\$aBATCH-UPD$b00$c20121030$lBLL01$h1022
=CAT  \\$aWR13.117$c20130727$lBLL01$h2009
=CAT  \\$aWR13.144/5$c20140418$lBLL01$h1028
=CAT  \\$aBATCH-ETHO$b00$c20161002$lBLL01$h0128
=DRT  \\$aETHOS
=FIN  \\$aY$d20111010
=FMT  \\$a  BK
=LAS  \\$aBATCH-ETHO$b00$c20161002$lBLL01$h0128
=SRC  \\$aEThOS$bethos_marc_111007.mrc
=STA  \\$aSUPPRESSED$bEThOS can't supply or embargoed

