=LDR  04260 am a22004937a 4500
=001  015923651
=003  Uk
=005  20111010153529.0
=006  m\\\\\\\\d\\\\\\\\
=007  cr\|||||||||||
=008  111010s2009\\\\xxk\\\\\sbm\\\000\0\eng\\
=040  \\$aUk$beng$cUk$dUk
=082  04$a669$223
=100  1\$aFuloria, Devashish.
=245  10$aCharacterisation of semi-solid deformation behaviour of aluminium-copper alloys via combined x-ray microtomography and nite element modelling$h[electronic resource].
=260  \\$bImperial College, London,$c2009.
=300  \\$ap. :$bdigital, PDF file.
=336  \\$atext$2rdacontent
=337  \\$acomputer$2rdamedia
=338  \\$aonline resource$2rdacarrier
=502  \\$aThesis (Ph.D.)--Imperial College London, 2009.
=504  \\$aIncludes bibliographical references.
=520  3\$aThe production of aluminium sheet is expensive and energy intensivedespite the reduced environmental impact during use. Twin rollcasting is a method of directly producing aluminium alloys in near netshape directly to sheet at a fraction of the energy costs of conventionalDC casting / hot rolling. It also requires a fraction of the capital cost. Although sheet can be produced, defects (segregates, surface bleeds,buckling, etc.) can arise which limit the range of alloys which can becast. This project aims to elucidate the complex mechanisms causingthese defects through a combined experimental and computationalstudy of semi-solid deformation in aluminium alloys. Columnar dendritic structures were generated for Al-Cu alloys throughdirectional solidi cation experiments and quanti ed in three dimensions(3D) using x-ray microtomography (XMT). The -Al and theCu-rich interdendritic liquid were segmented using image analysis. These 3D datasets were exported as meshes to be used in controlvolume and nite element codes. Firstly, the ow between the dendriteswas simulated by solving the Stokes equation and permeabilitytensor was calculated as a function of the fraction solid. The size ofrepresentative volume element was estimated to be 4-6 times the characteristiclength scale in the microstructure. Secondly, nite elementsimulations were performed on 3D columnar dendritic structures to estimatetheir mechanical properties and derive constitutive behaviouras a function of temperature, strain-rate and fraction solid. Temperatureand strain-rate dependent compression tests were performedin the Gleeble on alloys with dendritic composition to determine the mechanical properties of the monolithic Al-dendrites. The fractionsolid dependency term in the constitutive equation was determinedas a purely geometric factor which could be easily replicated in otheralloys systems. Lastly, hot tearing was directly observed in an Al-12 wt.%Cu alloy by combining x-ray/synchrotron radiography with anew tensile/compression apparatus capable of measuring strain, loadand quantifying the microstructure during controlled solidi cation ofAl alloy specimen. Using this new apparatus, the deformation of primarydendrites and the concomitant ow of Cu-rich interdendriticuid was observed during isothermal and constant cooling rate conditions. Initially, strain was observed to be accommodated by liquidow, but as the load is increased, void formation combined with liquidnecking between grains was prevalent.
=536  \\$aSponsored by: ALCOA and EPSRC
=538  \\$aMode of access: World Wide Web.
=710  2\$aImperial College, London.
=852  4\$aBritish Library$bDSC$cDRT$j513391
=856  40$uhttp://hdl.handle.net/10044/1/4405
=859  \\$aXLD$bEThOS
=CAT  \\$aETHOSBKLG$b00$c20111010$lBLL01$h1535
=CAT  \\$aETHOSBKLG$c20111010$lBLL01$h1607
=CAT  \\$aETHOSBKLG$c20111010$lBLL01$h1631
=CAT  \\$aBATCH$b00$c20111010$lBLL01$h1823
=CAT  \\$aBATCH-UPD$b00$c20121030$lBLL01$h1022
=CAT  \\$aWR13.117$c20130727$lBLL01$h2009
=CAT  \\$aWR13.144/5$c20140418$lBLL01$h1028
=CAT  \\$aBATCH-ETHO$b00$c20140502$lBLL01$h0139
=CAT  \\$aBATCH-ETH8$c20170506$lBLL01$h1041
=DRT  \\$aETHOS
=FIN  \\$aY$d20111010
=FMT  \\$a  BK
=LAS  \\$aBATCH-ETH8$b00$c20170506$lBLL01$h1041
=SRC  \\$aEThOS$bethos_marc_111007.mrc
=STA  \\$aSUPPRESSED$bEThOS can't supply or embargoed

