=LDR  03641 am a22004937a 4500
=001  015923652
=003  Uk
=005  20111010153529.0
=006  m\\\\\\\\d\\\\\\\\
=007  cr\|||||||||||
=008  111010s2008\\\\xxk\\\\\sbm\\\000\0\eng\\
=040  \\$aUk$beng$cUk$dUk
=082  04$a621.3$223
=100  1\$aClarke, Jonathan A.
=245  10$aHigh-level power optimisation for Digital Signal Processing in Recon gurable Logic$h[electronic resource].
=260  \\$bImperial College, London,$c2008.
=300  \\$ap. :$bdigital, PDF file.
=336  \\$atext$2rdacontent
=337  \\$acomputer$2rdamedia
=338  \\$aonline resource$2rdacarrier
=502  \\$aThesis (Ph.D.)--Imperial College London, 2008.
=504  \\$aIncludes bibliographical references.
=520  3\$aThis thesis is concerned with the optimisation of Digital Signal Processing (DSP) algorithmimplementations on recon gurable hardware via the selection of appropriate word-lengthsfor the signals in these algorithms, in order to minimise system power consumption. Whilstexisting word-length optimisation work has concentrated on the minimisation of the area ofalgorithm implementations, this work introduces the rst set of power consumption modelsthat can be evaluated quickly enough to be used within the search of the enormous designspace of multiple word-length optimisation problems. These models achieve their speed byestimating both the power consumed within the arithmetic components of an algorithmand the power in the routing wires that connect these components, using only a high-leveldescription of the algorithm itself. Trading o a small reduction in power model accuracyfor a large increase in speed is one of the major contributions of this thesis. In addition to the work on power consumption modelling, this thesis also develops anew technique for selecting the appropriate word-lengths for an algorithm implementationin order to minimise its cost in terms of power (or some other metric for which modelsare available). The method developed is able to provide tight lower and upper bounds onthe optimal cost that can be obtained for a particular word-length optimisation problemand can, as a result, nd provably near-optimal solutions to word-length optimisationproblems without resorting to an NP-hard search of the design space. Finally the costs of systems optimised via the proposed technique are compared tothose obtainable by word-length optimisation for minimisation of other metrics (such aslogic area) and the results compared, providing greater insight into the nature of wordlengthoptimisation problems and the extent of the improvements obtainable by them.
=536  \\$aSponsored by: Engineering and Physical Sciences Research Council (UK) and Synplicity
=538  \\$aMode of access: World Wide Web.
=710  2\$aImperial College, London.
=852  4\$aBritish Library$bDSC$cDRT$j513392
=856  40$uhttp://hdl.handle.net/10044/1/4407
=859  \\$aXLD$bEThOS
=CAT  \\$aETHOSBKLG$b00$c20111010$lBLL01$h1535
=CAT  \\$aETHOSBKLG$c20111010$lBLL01$h1607
=CAT  \\$aETHOSBKLG$c20111010$lBLL01$h1631
=CAT  \\$aBATCH$b00$c20111010$lBLL01$h1823
=CAT  \\$aBATCH-UPD$b00$c20121030$lBLL01$h1022
=CAT  \\$aWR13.117$c20130727$lBLL01$h2009
=CAT  \\$aWR13.144/5$c20140418$lBLL01$h1028
=CAT  \\$aBATCH-ETHO$b00$c20140502$lBLL01$h0139
=CAT  \\$aBATCH-ETH8$c20170506$lBLL01$h1041
=DRT  \\$aETHOS
=FIN  \\$aY$d20111010
=FMT  \\$a  BK
=LAS  \\$aBATCH-ETH8$b00$c20170506$lBLL01$h1041
=SRC  \\$aEThOS$bethos_marc_111007.mrc
=STA  \\$aSUPPRESSED$bEThOS can't supply or embargoed

