=LDR  03617 am a22004697a 4500
=001  015923654
=003  Uk
=005  20111010153529.0
=006  m\\\\\\\\d\\\\\\\\
=007  cr\|||||||||||
=008  101031s2009\\\\xxk\\\\\sbm\\\000\0\eng\\
=040  \\$aUk$beng$cUk
=082  04$a616.9$223
=100  1\$aFung, Chun Hai.
=245  10$aMathematical modelling studies of the role of superinfection and non adherence HIV disease progression and viral blips$h[electronic resource].
=260  \\$bImperial College London,$c2009.
=300  \\$ap. :$bdigital, PDF file.
=336  \\$atext$2rdacontent
=337  \\$acomputer$2rdamedia
=338  \\$aonline resource$2rdacarrier
=502  \\$aThesis (Ph.D.)--Imperial College London, 2009.
=504  \\$aIncludes bibliographical references.
=520  3\$aThis thesis examines the impact of HIV superinfection (infection of HIV-positive individuals by a heterologous HIV strain after immune responses have been established against the first strain) upon HIV disease progression and viral blips, and the relationship between non-adherence to cART and the occurrence of viral blips. For these purposes, a mathematical model of HIV within-host dynamics with two strains has been developed. My results suggest: firstly, HIV superinfection in and of itself was found not leading to faster progression to AIDS; it is only superinfection with strains of a higher replication capacity that does. Secondly, it was found that superinfecting strains susceptible to the existing cART regimen cannot establish themselves in patients, while those resistant to the regiment will lead to treatment failure. Superinfection in either scenario will not lead to viral blips. Thirdly, the choice of sampling frame was found to have a significant impact upon the observed number and incidence of viral blips. Instead of calculating the incidence of blips from their observed number over a period of time, one should take into account the sampling frame and calculate the proportion of blips among the measurements made over that period. Fourthly, increased drug adherence three days before a clinic visit does not mask poor adherence; regular consecutive non-adherence results in more blips than a random non-adherence pattern; and dose-timing variation around the regimen-prescribed time leads to more blips. Fifthly, the non-linear relationship between the proportion of measurements with detectable viral blips and the probable drug adherence of a patient, and how this relationship varies with the viral replication rate, are studied. This thesis improves our understanding of anti-HIV immune responses, refines our public health messages and provides us with indications of drug adherence through observation of viral blips with different sampling frames.
=538  \\$aMode of access: World Wide Web.
=710  2\$aImperial College, London.
=852  4\$aBritish Library$bDSC$cDRT$j513395
=856  40$uhttp://hdl.handle.net/10044/1/4437
=859  \\$aXLD$bEThOS
=CAT  \\$aETHOSBKLG$b00$c20111010$lBLL01$h1535
=CAT  \\$aETHOSBKLG$c20111010$lBLL01$h1607
=CAT  \\$aETHOSBKLG$c20111010$lBLL01$h1631
=CAT  \\$aBATCH$b00$c20111010$lBLL01$h1823
=CAT  \\$aBATCH-UPD$b00$c20121030$lBLL01$h1022
=CAT  \\$aWR13.117$c20130727$lBLL01$h2009
=CAT  \\$aWR13.144/5$c20140418$lBLL01$h1028
=CAT  \\$aBATCH-ETHO$b00$c20140502$lBLL01$h0139
=DRT  \\$aETHOS
=FIN  \\$aY$d20111010
=FMT  \\$a  BK
=LAS  \\$aBATCH-ETHO$b00$c20140502$lBLL01$h0139
=SRC  \\$aEThOS$bethos_marc_111007.mrc
=STA  \\$aSUPPRESSED$bEThOS can't supply or embargoed

