=LDR  04595 am a22004817a 4500
=001  015923656
=003  Uk
=005  20111010153529.0
=006  m\\\\\\\\d\\\\\\\\
=007  cr\|||||||||||
=008  101031s2009\\\\xxk\\\\\sbm\\\000\0\eng\\
=040  \\$aUk$beng$cUk
=082  04$a616.994$223
=100  1\$aAhamed, Eliyaz.
=245  10$aIdentification and characterisation of transcriptional regulatory proteins that modulate estrogen receptor α activity$h[electronic resource].
=260  \\$bImperial College London,$c2009.
=300  \\$a193 p. :$bdigital, PDF file.
=336  \\$atext$2rdacontent
=337  \\$acomputer$2rdamedia
=338  \\$aonline resource$2rdacarrier
=502  \\$aThesis (Ph.D.)--Imperial College London, 2009.
=504  \\$aIncludes bibliographical references.
=520  3\$aBreast cancer is the most common malignancy in women in the Western world, accounting for 18% of all female cancers. Two-thirds of breast cancers express Estrogen receptor-α (ERα) and ERα is a predictive and positive prognostic marker. Estrogens stimulate breast cancer growth, primarily through activation of ERα and hormonal therapies used in breast cancer treatment either inhibit estrogen synthesis to prevent ERα activation or bind to ERα to inhibit its activation. Unfortunately resistance to these drugs is a common clinical problem. Altered phosphorylation of ERα has been proposed as one of the mechanisms of resistance to endocrine therapy. Phosphorylation of ERα can result in its activation, both in the presence and absence of ligand. The key phosphorylation sites have been mapped to transcription activation function AF1. In particular, phosphorylation of serine residues at amino acid positions 104, 106 and 118 in AF1 results in stimulation of ERα activity. A wealth of evidence demonstrates an important role for the ERK1/2MAPK signal transduction pathway in non-responsiveness to endocrine therapies. However, it remains unclear as to how phosphorylation potentiates the activity of AF1. It is likely that phosphorylation of AF1 stimulates the recruitment of transcriptional coactivators that mediate the transcriptional activity of AF1. Identification and characterisation of such coactivators would further our understanding of the role of phosphorylation in the molecular mechanism of transcriptional regulation by ERα. Two approaches were used to identify coactivators that may mediate the effects of ERα phosphorylation on its activity. In the first approach, bacterial two-hybrid system was used to screen a breast cDNA expression library. In the second, p68and p72 RNA helicases, two known transcriptional coregulators, previously reported to interact with AF1 of ERα, were characterised as coactivators of ERα. Both proteins stimulated activity of ERα and show synergism with the well-characterised nuclear receptor coactivator, SRC-1. Surprisingly, reporter gene assays showed that phosphorylation of ERα is not essential for the coactivator function of p68. Importantly, RNA interference studies revealed complex effects of p68 and p72 on ERα activity and consequently on estrogen-regulated gene expression. p72 knockdown reduced the expression of the estrogen-regulated genes, pS2, Cathepsin D and GREB1, and inhibited the growth of the ERα-dependent MCF-7 breast cancer cell line. Surprisingly, p68 knockdown did not affect ER signalling. Data are also presented to suggest that the balance and interplay between p68 and p72 may be responsible for the previously described regulation of ERα activity by p68. Collectively, the data presented show that p72 may be more important than p68 in modulating transcriptional responsesof ERα in breast cancer cells.
=536  \\$aSponsored by: Cancer Research UK
=538  \\$aMode of access: World Wide Web.
=710  2\$aImperial College, London.
=852  4\$aBritish Library$bDSC$cDRT$j513399
=856  40$uhttp://hdl.handle.net/10044/1/4643
=859  \\$aXLD$bEThOS
=CAT  \\$aETHOSBKLG$b00$c20111010$lBLL01$h1535
=CAT  \\$aETHOSBKLG$c20111010$lBLL01$h1607
=CAT  \\$aETHOSBKLG$c20111010$lBLL01$h1631
=CAT  \\$aBATCH$b00$c20111010$lBLL01$h1823
=CAT  \\$aBATCH-UPD$b00$c20121030$lBLL01$h1022
=CAT  \\$aWR13.117$c20130727$lBLL01$h2009
=CAT  \\$aWR13.144/5$c20140418$lBLL01$h1028
=CAT  \\$aBATCH-ETHO$b00$c20140502$lBLL01$h0139
=DRT  \\$aETHOS
=FIN  \\$aY$d20111010
=FMT  \\$a  BK
=LAS  \\$aBATCH-ETHO$b00$c20140502$lBLL01$h0139
=SRC  \\$aEThOS$bethos_marc_111007.mrc
=STA  \\$aSUPPRESSED$bEThOS can't supply or embargoed

