=LDR  03410 am a22004817a 4500
=001  015923657
=003  Uk
=005  20111010153529.0
=006  m\\\\\\\\d\\\\\\\\
=007  cr\|||||||||||
=008  111010s2009\\\\xxk\\\\\sbm\\\000\0\eng\\
=040  \\$aUk$beng$cUk$dUk
=082  04$a629.13$223
=100  1\$aFrederick, Mark.
=245  10$aLoad Reduction Using Rapidly Deployed Trailing-edge Flaps$h[electronic resource].
=260  \\$bImperial College, London,$c2009.
=300  \\$ap. :$bdigital, PDF file.
=336  \\$atext$2rdacontent
=337  \\$acomputer$2rdamedia
=338  \\$aonline resource$2rdacarrier
=502  \\$aThesis (Ph.D.)--Imperial College London (University of London), 2009.
=504  \\$aIncludes bibliographical references.
=520  3\$aThis thesis details investigations into the aerodynamic properties of a small, rapidlyactuated,actively controlled trailing-edge ap and the potential of such a device toalleviate the unsteady loading experienced by wind turbine blades due to atmosphericturbulence and the atmospheric boundary layer, although such a device would havepotential applications in other elds such as rotorcraft. The main goals of this work were to investigate whether aerodynamic loadings couldin fact be alleviated by the use of a small trailing-edge ap using only measurements ofthe unsteady lift on the wing as a control input and to assess such a device s capacity toreject atmospheric disturbances with both numerical and experimental work, carriedout in the Aeronautics Department at Imperial College London. The numerical work covered in the thesis comprises the results of linear and nonlinearaerodynamic and control simulations (e.g. PID, LQG controllers) and the resultsof computational uid dynamics (CFD) simulations using the commercial packageFLUENT. The thesis also lays out the results obtained from testing an experimentalprototype in the Hydrodynamics Laboratory in the Aeronautics Department. Thisprototype successfully rejected intentionally introduced ow disturbances from thevortex street of a square block upstream of the wing and the application of controlprovided a very signi cant reduction in the unsteady loading experienced by the wing. The ndings show the potential of this method of load control for the rejection ofunsteady aerodynamic loading by the sole use of measurements of the wing loadingand this has been demonstrated both theoretically and experimentally. The work isclosed with a conclusion and suggestions for future research proposals.
=538  \\$aMode of access: World Wide Web.
=710  2\$aImperial College, London.
=852  4\$aBritish Library$bDSC$cDRT$j513401
=856  40$uhttp://hdl.handle.net/10044/1/4647
=859  \\$aXLD$bEThOS
=CAT  \\$aETHOSBKLG$b00$c20111010$lBLL01$h1535
=CAT  \\$aETHOSBKLG$c20111010$lBLL01$h1607
=CAT  \\$aETHOSBKLG$c20111010$lBLL01$h1631
=CAT  \\$aBATCH$b00$c20111010$lBLL01$h1823
=CAT  \\$aBATCH-UPD$b00$c20121030$lBLL01$h1022
=CAT  \\$aWR13.117$c20130727$lBLL01$h2009
=CAT  \\$aWR13.144/5$c20140418$lBLL01$h1028
=CAT  \\$aBATCH-ETHO$b00$c20140502$lBLL01$h0139
=CAT  \\$aBATCH-ETH8$c20170506$lBLL01$h1041
=DRT  \\$aETHOS
=FIN  \\$aY$d20111010
=FMT  \\$a  BK
=LAS  \\$aBATCH-ETH8$b00$c20170506$lBLL01$h1041
=SRC  \\$aEThOS$bethos_marc_111007.mrc
=STA  \\$aSUPPRESSED$bEThOS can't supply or embargoed

