=LDR  04131 am a22004817a 4500
=001  015923658
=003  Uk
=005  20111010153529.0
=006  m\\\\\\\\d\\\\\\\\
=007  cr\|||||||||||
=008  111010s2009\\\\xxk\\\\\sbm\\\000\0\eng\\
=040  \\$aUk$beng$cUk$dUk
=082  04$a006.3$223
=100  1\$aMinoi, Jacey-Lynn.
=245  10$aGeometric Expression Invariant 3D Face Recognition using Statistical Discriminant Models$h[electronic resource].
=260  \\$bImperial College, London,$c2009.
=300  \\$ap. :$bdigital, PDF file.
=336  \\$atext$2rdacontent
=337  \\$acomputer$2rdamedia
=338  \\$aonline resource$2rdacarrier
=502  \\$aThesis (Ph.D.)--Imperial College London (University of London), 2009.
=504  \\$aIncludes bibliographical references.
=520  3\$aCurrently there is no complete face recognition system that is invariant to all facial expressions. Although humans find it easy to identify and recognise faces regardless of changes in illumination,pose and expression, producing a computer system with a similar capability has proved tobe particularly di cult. Three dimensional face models are geometric in nature and thereforehave the advantage of being invariant to head pose and lighting. However they are still susceptibleto facial expressions. This can be seen in the decrease in the recognition results usingprincipal component analysis when expressions are added to a data set. In order to achieve expression-invariant face recognition systems, we have employed a tensoralgebra framework to represent 3D face data with facial expressions in a parsimoniousspace. Face variation factors are organised in particular subject and facial expression modes. We manipulate this using single value decomposition on sub-tensors representing one variationmode. This framework possesses the ability to deal with the shortcomings of PCA in less constrainedenvironments and still preserves the integrity of the 3D data. The results show improvedrecognition rates for faces and facial expressions, even recognising high intensity expressionsthat are not in the training datasets. We have determined, experimentally, a set of anatomical landmarks that best describe facialexpression e ectively. We found that the best placement of landmarks to distinguish di erentfacial expressions are in areas around the prominent features, such as the cheeks and eyebrows. Recognition results using landmark-based face recognition could be improved with better placement. We looked into the possibility of achieving expression-invariant face recognition by reconstructingand manipulating realistic facial expressions. We proposed a tensor-based statisticaldiscriminant analysis method to reconstruct facial expressions and in particular to neutralisefacial expressions. The results of the synthesised facial expressions are visually more realisticthan facial expressions generated using conventional active shape modelling (ASM). Wethen used reconstructed neutral faces in the sub-tensor framework for recognition purposes. The recognition results showed slight improvement. Besides biometric recognition, this noveltensor-based synthesis approach could be used in computer games and real-time animationapplications.
=538  \\$aMode of access: World Wide Web.
=710  2\$aImperial College, London.
=852  4\$aBritish Library$bDSC$cDRT$j513402
=856  40$uhttp://hdl.handle.net/10044/1/4648
=859  \\$aXLD$bEThOS
=CAT  \\$aETHOSBKLG$b00$c20111010$lBLL01$h1535
=CAT  \\$aETHOSBKLG$c20111010$lBLL01$h1607
=CAT  \\$aETHOSBKLG$c20111010$lBLL01$h1631
=CAT  \\$aBATCH$b00$c20111010$lBLL01$h1823
=CAT  \\$aBATCH-UPD$b00$c20121030$lBLL01$h1022
=CAT  \\$aWR13.117$c20130727$lBLL01$h2009
=CAT  \\$aWR13.144/5$c20140418$lBLL01$h1028
=CAT  \\$aBATCH-ETHO$b00$c20140502$lBLL01$h0139
=CAT  \\$aBATCH-ETH8$c20170506$lBLL01$h1041
=DRT  \\$aETHOS
=FIN  \\$aY$d20111010
=FMT  \\$a  BK
=LAS  \\$aBATCH-ETH8$b00$c20170506$lBLL01$h1041
=SRC  \\$aEThOS$bethos_marc_111007.mrc
=STA  \\$aSUPPRESSED$bEThOS can't supply or embargoed

