=LDR  03700 am a22004697a 4500
=001  015923659
=003  Uk
=005  20111010153529.0
=006  m\\\\\\\\d\\\\\\\\
=007  cr\|||||||||||
=008  101031s2009\\\\xxk\\\\\sbm\\\000\0\eng\\
=040  \\$aUk$beng$cUk
=082  04$a612$223
=100  1\$aCarriero, Alessandra.
=245  10$aModelling gait abnormalities and bone deformities in children with cerebral palsy$h[electronic resource].
=260  \\$bImperial College London,$c2009.
=300  \\$ap. :$bdigital, PDF file.
=336  \\$atext$2rdacontent
=337  \\$acomputer$2rdamedia
=338  \\$aonline resource$2rdacarrier
=502  \\$aThesis (Ph.D.)--Imperial College London, 2009.
=504  \\$aIncludes bibliographical references.
=520  3\$aCerebral palsy (CP) is a neuromuscular disorder that affects the motor control of muscles. CP children exhibit abnormal walking patterns and frequently develop lower limb, long bone deformities. To improve functionality and guide orthopaedic treatments effectively, it is critical to elucidate the relationship existing between bone morphology and movement of the lower limbs in CP children. The hypothesis of this study is that gait abnormalities result in bone deformities. The investigation of this complex relationship represents the core of this thesis. The examination of magnetic resonance images and gait analysis of healthy and CP children showed different development in femoral and tibial morphology and varied gait characteristics between them. Similarly, different correlations between bone morphology and gait characteristics resulted in healthy and CP children. Gait characteristics also varied between CP children. An objective and quantitative graphical classification method of CP gait patterns was developed. This classified the CP children in overlapping clusters according to their gait patterns, confirming the presence of multiple gait abnormalities on the same lower limb for CP children. With the intention to define the effect of the walking characteristics on the bone structure, femoral muscle and hip contact forces in healthy and CP children with different walking strategies were estimated by using inverse dynamic analysis. The different gait styles resulted in different loadings on the developing femur bone. These constituted the loading conditions for bone growth analysis. A three-dimensional finite element model for femoral growth was developed and mechanobiological theories applied in order to predict femur changes over time in healthy and CP children. The models predicted higher femoral anteversion and neck-shaft angle formation in children with CP, emphasizing how different gait characteristics can influence bone morphology. This information has potential to explain and eventually prevent or treat the development of bone deformities in CP children.
=538  \\$aMode of access: World Wide Web.
=710  2\$aImperial College, London.
=852  4\$aBritish Library$bDSC$cDRT$j513403
=856  40$uhttp://hdl.handle.net/10044/1/4649
=859  \\$aXLD$bEThOS
=CAT  \\$aETHOSBKLG$b00$c20111010$lBLL01$h1535
=CAT  \\$aETHOSBKLG$c20111010$lBLL01$h1607
=CAT  \\$aETHOSBKLG$c20111010$lBLL01$h1631
=CAT  \\$aBATCH$b00$c20111010$lBLL01$h1823
=CAT  \\$aBATCH-UPD$b00$c20121030$lBLL01$h1022
=CAT  \\$aWR13.117$c20130727$lBLL01$h2009
=CAT  \\$aWR13.144/5$c20140418$lBLL01$h1028
=CAT  \\$aBATCH-ETHO$b00$c20140502$lBLL01$h0139
=DRT  \\$aETHOS
=FIN  \\$aY$d20111010
=FMT  \\$a  BK
=LAS  \\$aBATCH-ETHO$b00$c20140502$lBLL01$h0139
=SRC  \\$aEThOS$bethos_marc_111007.mrc
=STA  \\$aSUPPRESSED$bEThOS can't supply or embargoed

