=LDR  03674 am a22004697a 4500
=001  015923660
=003  Uk
=005  20111010153529.0
=006  m\\\\\\\\d\\\\\\\\
=007  cr\|||||||||||
=008  101031s2009\\\\xxk\\\\\sbm\\\000\0\eng\\
=040  \\$aUk$beng$cUk
=082  04$a615.19$223
=100  1\$aMeier, Franziska.
=245  10$aMyristoyl CoA:protein N-myristoyl transferase$h[electronic resource] :$ba target for a novel antimalarial drug.
=260  \\$bImperial College London,$c2009.
=300  \\$ap. :$bdigital, PDF file.
=336  \\$atext$2rdacontent
=337  \\$acomputer$2rdamedia
=338  \\$aonline resource$2rdacarrier
=502  \\$aThesis (Ph.D.)--Imperial College London, 2009.
=504  \\$aIncludes bibliographical references.
=520  3\$aMalaria, an illness caused by protozoan parasites of the genus Plasmodium, continues to be a key global health issue; around 40% of the world's population are at risk and more than one million people are killed each year according to the World Health Organisation (WHO). It is transmitted via bites of infected female mosquitoes (Anopheles) and its severest form, falciparum malaria, can lead to death if left untreated. Effective malarial treatment is complex due to drug resistance and socioeconomic issues in many of the most affected areas. An enzyme from the parasite, myristoyl CoA:protein N-myristoyl transferase(NMT), has been identified as a potential target for antimalarial drugs. N-Myristoyltransferase, which catalyses the co-translational transfer of myristic acid to an N-terminal glycine of certain substrate proteins, has been shown to be essential for various pathogens. This thesis demonstrates the design, synthesis and analysis of potential inhibitors of Plasmodium falciparum NMT. Approximately 50 inhibitors with systematic variations based on a benzothiazole scaffold have been synthesised. It is known that these benzothiazoles compete with binding of peptide substrate within the NMT enzyme binding cleft. Differences between the peptide binding pockets of P. falciparum and human NMTs were exploited to design effective and selective new antimalarial treatments. The level of inhibition was measured using SPA that monitors the transfer of 3H-labelled myristoyl CoA to the N-terminus of a polypeptide substrate. A plot of enzyme activity as a function of inhibitor concentration gave inhibition curves from which IC50-values were derived. In vitro tests resulted in four hits with improved activity in the low micromolar region against P. falciparum NMT compared to the lead compound. Nevertheless, the inhibitors were not exceptionally selective over Homo sapiens NMT with an IC50 in the low micromolar region also. Selections of the most promising inhibitors have been tested in vivo and considerable reductions in parasitemia were noted.
=538  \\$aMode of access: World Wide Web.
=710  2\$aImperial College, London.
=852  4\$aBritish Library$bDSC$cDRT$j513404
=856  40$uhttp://hdl.handle.net/10044/1/4650
=859  \\$aXLD$bEThOS
=CAT  \\$aETHOSBKLG$b00$c20111010$lBLL01$h1535
=CAT  \\$aETHOSBKLG$c20111010$lBLL01$h1607
=CAT  \\$aETHOSBKLG$c20111010$lBLL01$h1631
=CAT  \\$aBATCH$b00$c20111010$lBLL01$h1823
=CAT  \\$aBATCH-UPD$b00$c20121030$lBLL01$h1022
=CAT  \\$aWR13.117$c20130727$lBLL01$h2009
=CAT  \\$aWR13.144/5$c20140418$lBLL01$h1028
=CAT  \\$aBATCH-ETHO$b00$c20140502$lBLL01$h0139
=DRT  \\$aETHOS
=FIN  \\$aY$d20111010
=FMT  \\$a  BK
=LAS  \\$aBATCH-ETHO$b00$c20140502$lBLL01$h0139
=SRC  \\$aEThOS$bethos_marc_111007.mrc
=STA  \\$aSUPPRESSED$bEThOS can't supply or embargoed

