=LDR  06103 am a22004937a 4500
=001  015923661
=003  Uk
=005  20111010153529.0
=006  m\\\\\\\\d\\\\\\\\
=007  cr\|||||||||||
=008  111010s2009\\\\xxk\\\\\sbm\\\000\0\eng\\
=040  \\$aUk$beng$cUk$dUk
=082  04$a666$223
=100  1\$aZainuddin, Norhazlin.
=245  10$aStructural and Setting reaction studies of Glass Polyalkenoate Cements by MAS- NMR Spectrocopy$h[electronic resource].
=260  \\$bImperial College, London,$c2009.
=300  \\$ap. :$bdigital, PDF file.
=336  \\$atext$2rdacontent
=337  \\$acomputer$2rdamedia
=338  \\$aonline resource$2rdacarrier
=502  \\$aThesis (Ph.D.)--Imperial College London, 2009.
=504  \\$aIncludes bibliographical references.
=520  3\$aGlass polyalkenoate cements (GPCs) are produced from a reaction between fluoroaluminosilicate glass powder with poly(acrylic acid) (PAA). These cements are widely used in dentistry as adhesive and tooth restorative materials. During the setting reaction, the Al(IV) changes its coordination number to Al(VI) and crosslink to PAA chains. In the present work, the structure of the glass and the setting reaction of GPCs were studied by ²⁹Si, ³¹P, ¹⁹F and ²⁷Al magic angle spinning nuclear magnetic resonance (MAS-NMR) spectroscopy. The influences of alumina content as well as mixed cation such as Ca/Na and Ca/Sr on the glass structure were studied. The Q structure of the glass changed with the alumina content as the number of neighbouring Al in SiO4 network decreased. The decrease in alumina content also resulted in more disrupted glasses and a higher tendency to undergo amorphous separation and crystallization because there are more Ca cation available to form NBO and F-Ca(n). Furthermore, the influence of substituting sodium for calcium was investigated. The Q structure of the glass was not affected with the addition of Na. It was found that Na penetrates the phosphorus and fluorine environments and forms Na/Capyrophosphate and F-Ca(2)/Na(1) and Al-F-Na(n) species. The effect of Sr substituting for Ca was also studied. It was suggested that Sr may have a little influence on the glass structure due to their similarity in charge to size ratio. The Sr may slightly affect the phosphorus environment due to the difference in field strength of Ca and Sr. In this study, the setting reaction of GPCs was followed by ²⁹Si, ³¹P, ¹⁹F and ²⁷Al MAS-NMR spectroscopy. All GPCs continue to have a pyrophosphate environment of Q1 Al-O-PO33-regardless of the original glass composition. This suggests that the Al(IV) from the Al-O-P bonds are not released from the glass network, thus are not available to crosslink to PAAchains. Therefore, the phosphate content is important for controlling the working and the setting time of GPCs. The conversion of Al(IV) to Al(VI) was determined from the 27Al MAS-NMR data and the Al(VI):Al(IV) + Al(V) ratio was calculated in order to follow the setting reaction of the GPCs. The addition of fluorine in the GPCs was found to enhance the acid attack during the setting reaction. In contrast, it was suggested that Na delays the setting reaction by forming Na polysalts and hence, disrupting the crosslinking of Al3+ to PAA. Although the presence of Sr has little influence on the structure of the glass, the conversion of Al(IV) to Al(VI) is lower for Sr and mixed Ca/Sr cements than Ca cement. The difference is not yet fully understood, but it is suggested that it may be due to the larger size of Sr ions. A commercial GPC, Carbomer? containing fluoroapatite (FAP) designed to remineralise inthe mouth was also studied. This study showed the involvement of the FAP component inthe setting reaction and hence, the amount of FAP available for promoting theremineralisation process decreases. The Al(V) is present in all GPCs regardless of the settingtime. In addition, the participation of Al(VI) from the glass in the setting reaction is not clearbecause both Al(VI) in the glass and in the cement matrix have very similar chemical shift. The present work suggests that there are two sites of Al(IV) after the setting reaction, whichare attributed to the Al(IV) in the original glass and in the degraded layer of the glass. Thereduction of Al-F-Na(n) and Al-F-Ca(n) species after the setting reaction and theunavailability of Al-O-P bonds for acid attack suggest that ion exchange between cations (Naand Sr) with protons from PAA may take place during the setting reaction. All GPCs showsimilar fluorine environments after setting. It was suggested that fluorine maybe bonded toAl in higher coordination states than four. Finally, there is a reconstruction of the silicatenetwork during the setting reaction, as a result of the release of Al3+ and other ions from theglass network. It is assumed that the reconstruction of the silicate network depends on therelease rate of the Al(IV). It is hoped that the improved structural understanding of the glassand the setting reaction of the GPCs obtained during this study will lead to the design of newGPCs for specific applications.
=536  \\$aSponsored by: Ministry of Higher Education and Universiti Putra Malaysia
=538  \\$aMode of access: World Wide Web.
=710  2\$aImperial College, London.
=852  4\$aBritish Library$bDSC$cDRT$j513405
=856  40$uhttp://hdl.handle.net/10044/1/4653
=859  \\$aXLD$bEThOS
=CAT  \\$aETHOSBKLG$b00$c20111010$lBLL01$h1535
=CAT  \\$aETHOSBKLG$c20111010$lBLL01$h1607
=CAT  \\$aETHOSBKLG$c20111010$lBLL01$h1631
=CAT  \\$aBATCH$b00$c20111010$lBLL01$h1823
=CAT  \\$aBATCH-UPD$b00$c20121030$lBLL01$h1022
=CAT  \\$aWR13.117$c20130727$lBLL01$h2009
=CAT  \\$aWR13.144/5$c20140418$lBLL01$h1028
=CAT  \\$aBATCH-ETHO$b00$c20140502$lBLL01$h0139
=CAT  \\$aBATCH-ETH8$c20170506$lBLL01$h1041
=DRT  \\$aETHOS
=FIN  \\$aY$d20111010
=FMT  \\$a  BK
=LAS  \\$aBATCH-ETH8$b00$c20170506$lBLL01$h1041
=SRC  \\$aEThOS$bethos_marc_111007.mrc
=STA  \\$aSUPPRESSED$bEThOS can't supply or embargoed

