=LDR  04225 am a22004697a 4500
=001  015923662
=003  Uk
=005  20111010153529.0
=006  m\\\\|\\\d\|\\\\\\
=007  cr||||||||||||
=008  100408s2009\\\\enk\\\\\sbm\\\000\0\eng\\
=040  \\$aUk$beng$cUk
=082  04$a571.6$223
=100  1\$aParente, Miguel Casanova Vieira.
=245  10$aFunction of Polycomb group proteins in embryonic stem cells$h[electronic resource] /$cby Miguel Casanova Vieira Parente.
=260  \\$aLondon :$bImperial College London,$c2009.
=300  \\$a200 p. :$bdigital, PDF file.
=336  \\$atext$2rdacontent
=337  \\$acomputer$2rdamedia
=338  \\$aonline resource$2rdacarrier
=502  \\$aThesis (Ph.D.)--Imperial College London, 2009.
=504  \\$aIncludes bibliographical references.
=520  3\$aEmbryonic stem (ES) cells exist in a pluripotent state and have the ability to differentiate into all adult cell types. Numerous molecular mechanisms are responsible for both maintaining pluripotency and directing differentiation. One of these mechanisms is epigenetics, the heritable regulation of gene expression profiles without changes to the underlying DNA sequence. This has recently been the focus of a large amount of research. The Polycomb group (PcG) proteins have been identified as major epigenetic regulators. Recent research has shown that PcG proteins are involved in silencing genes in ES cells which play a key role in development and cell fate decisions. PcG proteins function in two main complexes, the Polycomb repressive complexes (PRC), PRC1 and PRC2. Here I explore the mechanisms involved in the regulation of PcG proteins in ES cells and how these proteins contribute to the maintenance of ES cell pluripotency. Analysis of the expression levels of PRC2 genes showed them to be significantly reduced in differentiated cells compared to undifferentiated ES cells. The differences observed in PRC2 expression are due to a regulation at the transcriptional level by key ES cell transcription factors such as Oct4 and Sox2. Interestingly, ES cell lines which are mutant for PcG members failed to silence genes expressed in distinct lineages of the mouse embryo and show a greater tendency to differentiate. In particular, Ring1A/B proteins from the PRC1 complex were shown to be essential for maintaining a poised form of RNAPII at silenced ES cell promoters, thus contributing to the maintenance of pluripotency in ES cells. Recent data has shown that the Polycomblike protein (Pcl) interacts with the canonical PRC2 complex. To further characterise this interaction I have used an affinity purification strategy to isolate novel Pcl2 complexes from ES cells and identify potential interactors and recruitment factors. The affinity purification of Pcl2 confirmed it to be a bona fide member of a PRC2 sub-complex and identified additional interactor proteins which will be further characterised. The knockdown of Pcl2 does not have a severe impact on the stability of ES cells but affects the recruitment of Ezh2 and Suz12 to the promoters of PRC2 target genes leading to a small reduction on H3K27me3 levels but no changes in gene expression. In addition Pcl2 plays a key role in the recruitment of PRC2 to the inactive X chromosome and enrichment of H3K27me3. These observations suggest that Pcl2 plays an important role in PRC2 mediated epigenetic control.
=538  \\$aMode of access: World Wide Web.
=710  2\$aImperial College, London.
=852  4\$aBritish Library$bDSC$cDRT$j513406
=856  40$uhttp://hdl.handle.net/10044/1/4660
=859  \\$aXLD$bEThOS
=CAT  \\$aETHOSBKLG$b00$c20111010$lBLL01$h1535
=CAT  \\$aETHOSBKLG$c20111010$lBLL01$h1607
=CAT  \\$aETHOSBKLG$c20111010$lBLL01$h1631
=CAT  \\$aBATCH$b00$c20111010$lBLL01$h1823
=CAT  \\$aBATCH-UPD$b00$c20121030$lBLL01$h1022
=CAT  \\$aWR13.117$c20130727$lBLL01$h2009
=CAT  \\$aWR13.144/5$c20140418$lBLL01$h1028
=CAT  \\$aBATCH-ETHO$b00$c20140502$lBLL01$h0139
=DRT  \\$aETHOS
=FIN  \\$aY$d20111010
=FMT  \\$a  BK
=LAS  \\$aBATCH-ETHO$b00$c20140502$lBLL01$h0139
=SRC  \\$aEThOS$bethos_marc_111007.mrc
=STA  \\$aSUPPRESSED$bEThOS can't supply or embargoed

