=LDR  04610 am a22004817i 4500
=001  015923663
=003  Uk
=005  20111010153529.0
=006  m\\\\\\\\d\\\\\\\\
=007  cr\|||||||||||
=008  111010s2009\\\\xxk\\\\\sbm\\\000\0\eng\\
=040  \\$aUk$beng$cUk$dUk
=082  14$a624$215
=100  1\$aG?mez, Miguel Gabriel Cebri?n.
=245  10$aEnvironmental Impacts of and Material Recovery from Biodegradable Waste$h[electronic resource].
=260  \\$bImperial College, London,$c2009.
=300  \\$ap. :$bdigital, PDF file.
=336  \\$atext$2rdacontent
=337  \\$acomputer$2rdamedia
=338  \\$aonline resource$2rdacarrier
=502  \\$aThesis (Ph.D.)--Imperial College London, 2009.
=504  \\$aIncludes bibliographical references.
=520  3\$aThe environmental impact of biodegradable waste has resulted in legislativedrivers that are designed primarily to reduce the impacts arising from (a)pathogens in the waste, (b) gaseous emissions of carbon dioxide and methane,and (c) the effects of biodegradation in landfill sites on leachates to groundwater. These drivers are considered in this research under three applications: (i) thedevelopment of a sustainable technology for the treatment of food wastes to obtaina high quality compost product in a closed-loop situation within a single premises,(ii) the development of a programme to assess the environmental impacts andcarbon footprints of food waste treatment options and of other secondary recoveryprocesses, and (iii) the development of a methodology to assess the effects oflandfill leachate on groundwaters resulting from deleterious landfill practices andmanagement. Technology to overcome the challenges associated with the conversion of foodwaste to compost has been developed. The resulting in-vessel compostingprocess produces a high quality compost that meets the highest BSI PAS 100standard. The key factors in the methodology are the rapid transfer of food wastefrom the kitchen to composter, the efficient maceration and dewatering of thefeedstock, optimisation of the C:N ratio, and the achievement of temperatures highenough to destroy pathogens. The fundamentals of the concept of benchmarking was developed in this work aspart of a study to permit the determination of carbon dioxide savings in secondarymetal recovery, and extended to carbon footprinting of alternative processes tolandfill of food waste to permit a comparison of alternative treatments of foodwaste. The in-vessel composting methodology described in this work comparesfavourably with the alternative methods of food waste treatment. A computer software programme, HEDAS, for the statistical analysis of landfillmonitoring data to predict borehole behaviour, has been developed. Theprogramme permits assessment of the reliability of the data and ultimatelydetermines the extent of groundwater contamination. In the course of thedevelopment of the software, a novel concept was used to determine the bestapplicable experimental standard deviation (BAESD) to be used to assess thereliability of individual borehole and analyte data. The BAESD is used with themeasured standard deviations for individual boreholes and analytes to produce areliability rating for the individual borehole and analyte. These ratings effectivelymeasure the analytical data against the most stable boreholes at the site andprovide viable indicators of step changes in concentration or other anomalies. HEDAS was developed using historical data from the UK Environment Agency?sThames region, and is now used as their standard for assessing monitored data atlandfill sites. The application of HEDAS has now been extended from groundwaterand leachate analysis to landfill gas emissions.
=538  \\$aMode of access: World Wide Web.
=710  2\$aImperial College, London.
=852  4\$aBritish Library$bDSC$cDRT$j513407
=856  40$uhttp://hdl.handle.net/10044/1/4663
=859  \\$aXLD$bEThOS
=CAT  \\$aETHOSBKLG$b00$c20111010$lBLL01$h1535
=CAT  \\$aETHOSBKLG$c20111010$lBLL01$h1607
=CAT  \\$aETHOSBKLG$c20111010$lBLL01$h1631
=CAT  \\$aBATCH$b00$c20111010$lBLL01$h1823
=CAT  \\$aBATCH-UPD$b00$c20121030$lBLL01$h1022
=CAT  \\$aWR13.117$c20130727$lBLL01$h2009
=CAT  \\$aWR13.144/5$c20140418$lBLL01$h1028
=CAT  \\$aBATCH-ETHO$b00$c20160102$lBLL01$h0143
=CAT  \\$aBATCH-ETH8$c20170506$lBLL01$h1041
=DRT  \\$aETHOS
=FIN  \\$aY$d20111010
=FMT  \\$a  BK
=LAS  \\$aBATCH-ETH8$b00$c20170506$lBLL01$h1041
=SRC  \\$aEThOS$bethos_marc_111007.mrc
=STA  \\$aSUPPRESSED$bEThOS can't supply or embargoed

