=LDR  03462 am a22004817i 4500
=001  015923664
=003  Uk
=005  20111010153529.0
=006  m\\\\\\\\d\\\\\\\\
=007  cr\|||||||||||
=008  111010s2009\\\\xxk\\\\\sbm\\\000\0\eng\\
=040  \\$aUk$beng$cUk$dUk
=082  14$a550$215
=100  1\$aWang, Yingjie.
=245  10$aModelling and prediction of foam structure$h[electronic resource].
=260  \\$bImperial College, London,$c2009.
=300  \\$ap. :$bdigital, PDF file.
=336  \\$atext$2rdacontent
=337  \\$acomputer$2rdamedia
=338  \\$aonline resource$2rdacarrier
=502  \\$aThesis (Ph.D.)--Imperial College London, 2009.
=504  \\$aIncludes bibliographical references.
=520  3\$aThe primary objective of this thesis is to explore the relationship between the surfaceand underlying structure of dry foams. This relationship is important for both researchand industry because the surface film size distribution is typically the onlyinformation available in opaque foams when referring to the underlying bubble sizedistribution. This study is carried out by simulating foams with free surfaces. Firstly, the method of simulating 3D dry foams with free surfaces is presented. Thesimulation method is verified for foams with uniform bubble sizes by comparing theirsimulation results to experimental values reported in literature. The validity of themethod and its ability to accurately model the structure of both surface and internalbubbles is demonstrated by the excellent agreement between the experimental studyand the simulation results. Secondly, the simulation results are shown for the relationship between the surfacefilm size distribution and the surface bubble size distribution. The results show that,for a given surface bubble size, there is a distribution of possible surface film sizes. However, for the range of polydispersity used in this thesis, the distribution of theratio of film size to the size of bubble to which it is attached is found to beindependent of the underlying bubble size distribution. A functional form of thisrelationship is obtained by nonlinear regression. Based on the functions obtained, thesurface film size distributions can be computed using the underlying surface bubblesize distribution. This is the inverse of what is acquired and therefore a numericalprocedure for obtaining the surface bubble size distributions using the correspondingsurface film size distribution is developed. This method is demonstrated to accuratelyreproduce the results from the full structural foam simulations.
=538  \\$aMode of access: World Wide Web.
=710  2\$aImperial College, London.
=852  4\$aBritish Library$bDSC$cDRT$j513408
=856  40$uhttp://hdl.handle.net/10044/1/4664
=859  \\$aXLD$bEThOS
=CAT  \\$aETHOSBKLG$b00$c20111010$lBLL01$h1535
=CAT  \\$aETHOSBKLG$c20111010$lBLL01$h1607
=CAT  \\$aETHOSBKLG$c20111010$lBLL01$h1631
=CAT  \\$aBATCH$b00$c20111010$lBLL01$h1823
=CAT  \\$aBATCH-UPD$b00$c20121030$lBLL01$h1022
=CAT  \\$aWR13.117$c20130727$lBLL01$h2009
=CAT  \\$aWR13.144/5$c20140418$lBLL01$h1028
=CAT  \\$aBATCH-ETHO$b00$c20160102$lBLL01$h0143
=CAT  \\$aBATCH-ETH8$c20170506$lBLL01$h1041
=DRT  \\$aETHOS
=FIN  \\$aY$d20111010
=FMT  \\$a  BK
=LAS  \\$aBATCH-ETH8$b00$c20170506$lBLL01$h1041
=SRC  \\$aEThOS$bethos_marc_111007.mrc
=STA  \\$aSUPPRESSED$bEThOS can't supply or embargoed

