=LDR  03863 am a22004817i 4500
=001  015923665
=003  Uk
=005  20111010153529.0
=006  m\\\\\\\\d\\\\\\\\
=007  cr\|||||||||||
=008  111010s2009\\\\xxk\\\\\sbm\\\000\0\eng\\
=040  \\$aUk$beng$cUk$dUk
=082  14$a620$215
=100  1\$aVaishnavi, Pankaj Yograj.
=245  10$aOn dissipation intermittency and its modelling in terms of turbulence-chemistry interactions$h[electronic resource].
=260  \\$bImperial College, London,$c2009.
=300  \\$ap. :$bdigital, PDF file.
=336  \\$atext$2rdacontent
=337  \\$acomputer$2rdamedia
=338  \\$aonline resource$2rdacarrier
=502  \\$aThesis (Ph.D.)--Imperial College London, 2009.
=504  \\$aIncludes bibliographical references.
=520  3\$aA key challenge in combustion research is to model complex turbulence-chemistryinteractions during extinction and re-ignition of non-premixed ames. These arecaused when the scalar dissipation, , is above (or below) certain limits such thatthe diffusive temperature ux from the ame is much larger (or smaller) than chemicalheat-release. is characterised by its small-scale intermittency, i.e. large uctuationsin are frequent and localised in space. This behaviour severely constrainsits resolvability and has implications for modelling extinction/re-ignition processes. Scalar eld statistics from the direct numerical simulation (DNS) database of aspatially-evolving, turbulent jet ame with multi-step chemistry by Pantano (2004)are studied using three different approaches, namely analysis of dissipation-spectra,direct investigation of dissipation contours and spatial filtering of the instantaneousdissipation signals. Out of these the spatial filtering method is found to be mostsuited for capturing the intermittent dissipation length scales and an Re?-1scaling isproposed for adequate -resolution in turbulent jet ame experiments/simulations. Furthermore, a Multiple Mapping Conditioning (MMC) approach with two referencevariables is used to model extinction/re-ignition in inhomogeneous turbulent jetames. A new sub-model for the convective velocity term is employed that does notneed to presume Gaussian statistics and consistent closures for MMC drift and diffusioncoefficients are derived. Effect of temperature uctuations on scalar diffusivityis also accounted for. Joint scalar PDFs, conditional dissipation and conditionalspecies predictions from MMC, and also conditional species concentrations fromconventional singly- and doubly-conditioned moment closure (CMC1 and CMC2),are assessed against the Pantano DNS database. CMC1 expectedly over-predicts extinctionand does not capture re-ignition, whereas extinction and re-ignition effectson species concentrations (including atomic H-radical) are captured satisfactorilyusing CMC2 and MMC. However, MMC scores over CMC2 because models forthe joint scalar PDF evolution and conditional dissipation are self-contained in theformer.
=538  \\$aMode of access: World Wide Web.
=710  2\$aImperial College, London.
=852  4\$aBritish Library$bDSC$cDRT$j513409
=856  40$uhttp://hdl.handle.net/10044/1/4666
=859  \\$aXLD$bEThOS
=CAT  \\$aETHOSBKLG$b00$c20111010$lBLL01$h1535
=CAT  \\$aETHOSBKLG$c20111010$lBLL01$h1607
=CAT  \\$aETHOSBKLG$c20111010$lBLL01$h1631
=CAT  \\$aBATCH$b00$c20111010$lBLL01$h1823
=CAT  \\$aBATCH-UPD$b00$c20121030$lBLL01$h1022
=CAT  \\$aWR13.117$c20130727$lBLL01$h2009
=CAT  \\$aWR13.144/5$c20140418$lBLL01$h1028
=CAT  \\$aBATCH-ETHO$b00$c20160102$lBLL01$h0143
=CAT  \\$aBATCH-ETH8$c20170506$lBLL01$h1041
=DRT  \\$aETHOS
=FIN  \\$aY$d20111010
=FMT  \\$a  BK
=LAS  \\$aBATCH-ETH8$b00$c20170506$lBLL01$h1041
=SRC  \\$aEThOS$bethos_marc_111007.mrc
=STA  \\$aSUPPRESSED$bEThOS can't supply or embargoed

