=LDR  03794 am a22004697a 4500
=001  015923666
=003  Uk
=005  20111010153529.0
=006  m\\\\|\\\d\|\\\\\\
=007  cr||||||||||||
=008  100408s2009\\\\enk\\\\\sbm\\\000\0\eng\\
=040  \\$aUk$beng$cUk
=082  04$a572.8$223
=100  1\$aHedman, Åsa Katarina.
=245  10$aGenome-wide transcriptional profiling of Neisseria meningitidis in ex vivo models of septicaemia$h[electronic resource] /$cÅsa Katarina Hedman.
=260  \\$aLondon :$bImperial College London,$c2009.
=300  \\$a416 p. :$bdigital, PDF file.
=336  \\$atext$2rdacontent
=337  \\$acomputer$2rdamedia
=338  \\$aonline resource$2rdacarrier
=502  \\$aThesis (Ph.D.)--Imperial College London, 2009.
=504  \\$aIncludes bibliographical references.
=520  3\$aNeisseria meningitidis is a Gram negative bacterium that commonly colonizes the nasopharyngeal mucosa of 10% of the population at any given time. Infrequently it invades to cause life threatening septicaemia and/or meningitis. I have used microarray technology to study the repertoire of meningococcal gene expression in the course of prolonged incubation in human plasma and blood, with the aim of identifying genes that are progressively up-regulated during sepsis, especially those encoding surface antigens. I hypothesize that any surface exposed gene products that are expressed at a higher level in the bloodstream than on the mucosal surface, where immune selection pressure drives antigenic diversity, should be less variable, and so, attractive as cross-protective vaccine candidates. In my thesis research I explored experimental methods for modelling meningococcal bacteraemia ex vivo. I characterised the transcriptional response of a serogroup B strain of N. meningitidis during prolonged incubation (up to 4 hours) in fresh frozen non-bactericidal plasma from two individuals. Subsequently the meningococcal transcriptome was examined during incubation in fresh, anticoagulated non-bactericidal whole human blood for different periods up to 4 hours, using microarrays and realtime PCR technology. The cellular localisation of proteins encoded by genes confirmed to be significantly differentially expressed in plasma and/or blood, both by microarray technology and by real-time PCR, was explored using bioinformatic resources, and those predicted (or established) to be surface-exposed were brought forward for further evaluation. Amongst these, I selected genes up-regulated in bacteria incubated in plasma and/or blood, but down-regulated (according to data previously obtained) for organisms isolated from an experimental system modelling the nasopharyngeal carriage state, for examination of sequence diversity. Using serogroup B meningococcal strains of established (multi locus sequence type) diversity; I have used direct sequencing to address the starting hypothesis that these are comparatively invariant genes.
=538  \\$aMode of access: World Wide Web.
=710  2\$aImperial College, London.
=852  4\$aBritish Library$bDSC$cDRT$j513410
=856  40$uhttp://hdl.handle.net/10044/1/4667
=859  \\$aXLD$bEThOS
=CAT  \\$aETHOSBKLG$b00$c20111010$lBLL01$h1535
=CAT  \\$aETHOSBKLG$c20111010$lBLL01$h1607
=CAT  \\$aETHOSBKLG$c20111010$lBLL01$h1631
=CAT  \\$aBATCH$b00$c20111010$lBLL01$h1823
=CAT  \\$aBATCH-UPD$b00$c20121030$lBLL01$h1022
=CAT  \\$aWR13.117$c20130727$lBLL01$h2009
=CAT  \\$aWR13.144/5$c20140418$lBLL01$h1028
=CAT  \\$aBATCH-ETHO$b00$c20140502$lBLL01$h0139
=DRT  \\$aETHOS
=FIN  \\$aY$d20111010
=FMT  \\$a  BK
=LAS  \\$aBATCH-ETHO$b00$c20140502$lBLL01$h0139
=SRC  \\$aEThOS$bethos_marc_111007.mrc
=STA  \\$aSUPPRESSED$bEThOS can't supply or embargoed

