=LDR  04335 am a22004817a 4500
=001  015923667
=003  Uk
=005  20111010153529.0
=006  m\\\\\\\\d\\\\\\\\
=007  cr\|||||||||||
=008  111010s2009\\\\xxk\\\\\sbm\\\000\0\eng\\
=040  \\$aUk$beng$cUk$dUk
=082  04$a520$223
=100  1\$aMarocchino, Alberto.
=245  10$aMagnetohydrodynamic Modelling of Supersonic Jets and Colliding Blast Waves for Laboratory Astrophysics Investigation$h[electronic resource].
=260  \\$bImperial College, London,$c2009.
=300  \\$ap. :$bdigital, PDF file.
=336  \\$atext$2rdacontent
=337  \\$acomputer$2rdamedia
=338  \\$aonline resource$2rdacarrier
=502  \\$aThesis (Ph.D.)--Imperial College London (University of London), 2009.
=504  \\$aIncludes bibliographical references.
=520  3\$aThe thesis is related to laboratory astrophysics, and investigates with this technique,the launching mechanism for young stellar object jets and the interactionof two supernovae remnant in the Sedov-Taylor regime. Recent experiments performedat Imperial College on the pulsed-power magpie facility have successfullyshown the formation of magnetically driven radiatively cooled plasmas jets formedfrom radial wire arrays, which are relevant to studying the launching mechanismsof astrophysical jets [A. Ciardi, et al. Phys. Plasmas 14, p056501 (2007)]. Theexperiments have been now extended to study episodic mass ejection ( 25 ns [F.A. Suzuki-Vidal, et al. 49th Annual Meeting of the Division of Plasma Physics,UO4.00007 (2007)]) and the interaction of jets and magnetic bubbles with an ambientgas. The dynamics of the interaction is investigated through three-dimensionalresistive magneto-hydrodynamic simulations using the code gorgon [A. Ciardi, etal. Phys. Plasmas 14, p056501 (2007) ? J.P. Chittenden, et al. Plasma Phys. Control. Fusion 46 B457 (2004)]. In particular ablation of the cathode is investigatednumerically to explain the periodicity and subsequent formation of multiple bubbles. Comparison with experiments is offered to validate the results. The complexstructure of the magnetic field is investigated, the conservation of the magnetic fluxis explained and the consequent confinement offered to the central jet. Furthermorethe interaction of the plasma outflows with an ambient gas is investigated. The formationof shocks in the ambient gas, as well as the formation of three-dimensionalMach stems is analyzed. In addition, recent experiment at Imperial College performedby the QOLS group, by laser-heating a medium of atomic clusters [R. A.Smith, et al. 2007 Plasma Phys. Control. Fusion 49 B117-B124 (2007)], shows the capability to create plasmas with sufficiently high energy densities to launch strongshocks. Interactions between high-Mach number shock waves are believed to beresponsible for many of the complex, turbulent structures seen in astrophysical objectsincluding supernova remnants. The experiment of two colliding Sedov-Taylorregime blast-waves is modelled. Detailed 3D numerical modeling is performed inorder to study the importance of thermal conduction, rarefaction waves, refractiveshock waves and complex three-dimensional mach stem formation. The simulateddata are benchmark against a three-dimensional tomography image (newly developedexperimental technique). The collision of two blast-waves should reproducethe non uniform interstellar medium where supernovas normally expand.
=538  \\$aMode of access: World Wide Web.
=710  2\$aImperial College, London.
=852  4\$aBritish Library$bDSC$cDRT$j513411
=856  40$uhttp://hdl.handle.net/10044/1/4668
=859  \\$aXLD$bEThOS
=CAT  \\$aETHOSBKLG$b00$c20111010$lBLL01$h1535
=CAT  \\$aETHOSBKLG$c20111010$lBLL01$h1607
=CAT  \\$aETHOSBKLG$c20111010$lBLL01$h1631
=CAT  \\$aBATCH$b00$c20111010$lBLL01$h1823
=CAT  \\$aBATCH-UPD$b00$c20121030$lBLL01$h1022
=CAT  \\$aWR13.117$c20130727$lBLL01$h2009
=CAT  \\$aWR13.144/5$c20140418$lBLL01$h1028
=CAT  \\$aBATCH-ETHO$b00$c20140502$lBLL01$h0139
=CAT  \\$aBATCH-ETH8$c20170506$lBLL01$h1041
=DRT  \\$aETHOS
=FIN  \\$aY$d20111010
=FMT  \\$a  BK
=LAS  \\$aBATCH-ETH8$b00$c20170506$lBLL01$h1041
=SRC  \\$aEThOS$bethos_marc_111007.mrc
=STA  \\$aSUPPRESSED$bEThOS can't supply or embargoed

