=LDR  03772 am a22004817a 4500
=001  015923669
=003  Uk
=005  20111010153529.0
=006  m\\\\\\\\d\\\\\\\\
=007  cr\|||||||||||
=008  111010s2009\\\\xxk\\\\\sbm\\\000\0\eng\\
=040  \\$aUk$beng$cUk
=082  04$a617.96$223
=100  1\$aBantel, Carsten.
=245  10$aAnaesthetic preconditioning$h[electronic resource] :$bthe role of ATP-sensitive K+ channels.
=260  \\$bImperial College, London,$c2009.
=300  \\$ap. :$bdigital, PDF file.
=336  \\$atext$2rdacontent
=337  \\$acomputer$2rdamedia
=338  \\$aonline resource$2rdacarrier
=502  \\$aThesis (Ph.D.)--Imperial College, London, 2009.
=504  \\$aIncludes bibliographical references.
=520  3\$aStroke in general but especially in the postoperative period is a serious clinical problem that warrants new therapeutic approaches. Here neuroprotective strategies and especially preconditioning have recently emerged as promising. Preconditioning was originally demonstrated in the heart but was subsequently also found in other organs. Classically it describes a phenomenon where short periods of ischaemia render tissues less vulnerable to major infarcts. In addition to ischaemia neuronal preconditioning can be achieved pharmacologically as well as through inhalational anaesthetics or drugs that open ATP-sensitive K+(KATP)channels. However, the mechanisms through which anaesthetics produce protection remain elusive and the use of K+ channel openers is hampered by their inability to cross the blood-brain-barrier. This study was conducted to investigate the effects of inhalational anaesthetics on KATP channels and to explore whether their neuronal preconditioning properties were dependent on KATP channel opening. First, in whole-cell and excised patch clamp experiments the effects of inhalational anaesthetics on recombinant wild type neuronal (Kir6.2/SUR1) KATP and related as well as modified channels were evaluated. Secondly, the KATP channel dependence of anaesthetic preconditioning was tested in neuronal-glial co-cultures. Recombinant KATP channels were activated by xenon, but inhibited by halogenated volatiles. Moreover, it was shown that xenon acted directly on the Kir6.2 pore-forming subunit, reduced the ability of ATP to inhibit the channel and had no effect on the ATP-regulated Kir1.1 channel. Functionally both sevoflurane and xenon preconditioned neurons at clinically used concentrations but only the effect of xenon was dependent on KATP channel activation. Thus this study established xenon as a novel KATP channel opener. It interacts with the pore-forming Kir6.2 rather than the regulatory sulphonyl urea receptor subunit and disinhibits the channel from the blocking actions of ATP. As a consequence xenon but not sevoflurane is able to precondition neurons in a KATP channel-dependent manner.
=538  \\$aMode of access: World Wide Web.
=710  2\$aImperial College, London.
=852  4\$aBritish Library$bDSC$cDRT$j513415
=856  40$uhttp://hdl.handle.net/10044/1/4700
=859  \\$aXLD$bEThOS
=CAT  \\$aETHOSBKLG$b00$c20111010$lBLL01$h1535
=CAT  \\$aETHOSBKLG$c20111010$lBLL01$h1607
=CAT  \\$aETHOSBKLG$c20111010$lBLL01$h1631
=CAT  \\$aBATCH$b00$c20111010$lBLL01$h1823
=CAT  \\$aBATCH-UPD$b00$c20121030$lBLL01$h1022
=CAT  \\$aWR13.117$c20130727$lBLL01$h2009
=CAT  \\$aWR13.144/5$c20140418$lBLL01$h1028
=CAT  \\$aBATCH-ETHO$b00$c20140502$lBLL01$h0139
=CAT  \\$aBATCH-ETH8$c20170506$lBLL01$h1041
=DRT  \\$aETHOS
=FIN  \\$aY$d20111010
=FMT  \\$a  BK
=LAS  \\$aBATCH-ETH8$b00$c20170506$lBLL01$h1041
=SRC  \\$aEThOS$bethos_marc_111007.mrc
=STA  \\$aSUPPRESSED$bEThOS can't supply or embargoed

