=LDR  04409 am a22004697a 4500
=001  015923670
=003  Uk
=005  20111010153529.0
=006  m\\\\|\\\d\|\\\\\\
=007  cr||||||||||||
=008  100408s2009\\\\enk\\\\\sbm\\\000\0\eng\\
=040  \\$aUk$beng$cUk
=082  04$a615.84$223
=100  1\$aTeh, Irvin Tze Wei.
=245  10$aDevelopment of methodologies for diffusion-weighted magnetic resonance imaging at high field strength$h[electronic resource] /$cIrvin Tze Wei Teh.
=260  \\$aLondon :$bImperial College London,$c2009.
=300  \\$a234 p. :$bdigital, PDF file.
=336  \\$atext$2rdacontent
=337  \\$acomputer$2rdamedia
=338  \\$aonline resource$2rdacarrier
=502  \\$aThesis (Ph.D.)--Imperial College London, 2009.
=504  \\$aIncludes bibliographical references.
=520  3\$aDiffusion-weighted imaging of small animals at high field strengths is a challenging prospect due to its extreme sensitivity to motion. Periodically rotated overlapping parallel lines with enhanced reconstruction (PROPELLER) was introduced at 9.4T as an imaging method that is robust to motion and distortion. Proton density (PD)-weighted and T2-weighted PROPELLER data were generally superior to that acquired with single-shot, Cartesian and echo planar imaging-based methods in terms of signal-to-noise ratio (SNR), contrast-to-noise ratio and resistance to artifacts. Simulations and experiments revealed that PROPELLER image quality was dependent on the field strength and echo times specified. In particular, PD-weighted imaging at high field led to artifacts that reduced image contrast. In PROPELLER, data are acquired in progressively rotated blades in k-space and combined on a Cartesian grid. PROPELLER with echo truncation at low spatial frequencies (PETALS) was conceived as a post-processing method that improved contrast by reducing the overlap of k-space data from different blades with different echo times. Where the addition of diffusion weighting gradients typically leads to catastrophic motion artifacts in multi-shot sequences, diffusion-weighted PROPELLER enabled the acquisition of high quality, motion-robust data. Applications in the healthy mouse brain and abdomen at 9.4T and in stroke patients at 3T are presented. PROPELLER increases the minimum scan time by approximately 50%. Consequently, methods were explored to reduce the acquisition time. Two k-space undersampling regimes were investigated by examining image fidelity as a function of degree of undersampling. Undersampling by acquiring fewer k-space blades was shown to be more robust to motion and artifacts than undersampling by expanding the distance between successive phase encoding steps. To improve the consistency of undersampled data, the non-uniform fast Fourier transform was employed. It was found that acceleration factors of up to two could be used with minimal visual impact on image fidelity. To reduce the number of scans required for isotropic diffusion weighting, the use of rotating diffusion gradients was investigated, exploiting the rotational symmetry of the PROPELLER acquisition. Fixing the diffusion weighting direction to the individual rotating blades yielded geometry and anisotropy-dependent diffusion measurements. However, alternating the orientations of diffusion weighting with successive blades led to more accurate measurements of the apparent diffusion coefficient while halving the overall acquisition time. Optimized strategies are proposed for the use of PROPELLER in rapid high resolution imaging at high field strength.
=538  \\$aMode of access: World Wide Web.
=710  2\$aImperial College, London.
=852  4\$aBritish Library$bDSC$cDRT$j513417
=856  40$uhttp://hdl.handle.net/10044/1/4715
=859  \\$aXLD$bEThOS
=CAT  \\$aETHOSBKLG$b00$c20111010$lBLL01$h1535
=CAT  \\$aETHOSBKLG$c20111010$lBLL01$h1607
=CAT  \\$aETHOSBKLG$c20111010$lBLL01$h1631
=CAT  \\$aBATCH$b00$c20111010$lBLL01$h1823
=CAT  \\$aBATCH-UPD$b00$c20121030$lBLL01$h1022
=CAT  \\$aWR13.117$c20130727$lBLL01$h2009
=CAT  \\$aWR13.144/5$c20140418$lBLL01$h1028
=CAT  \\$aBATCH-ETHO$b00$c20140502$lBLL01$h0139
=DRT  \\$aETHOS
=FIN  \\$aY$d20111010
=FMT  \\$a  BK
=LAS  \\$aBATCH-ETHO$b00$c20140502$lBLL01$h0139
=SRC  \\$aEThOS$bethos_marc_111007.mrc
=STA  \\$aSUPPRESSED$bEThOS can't supply or embargoed

