=LDR  03437 am a22004937a 4500
=001  015923671
=003  Uk
=005  20111010153529.0
=006  m\\\\\\\\d\\\\\\\\
=007  cr\|||||||||||
=008  111010s2008\\\\xxk\\\\\sbm\\\000\0\eng\\
=040  \\$aUk$beng$cUk
=082  04$a616.8$223
=100  1\$aYoung, Tim.
=245  10$aCardiovascular autonomic responses in pre- and post-ganglionic models of chronic autonomic failure$h[electronic resource].
=260  \\$bImperial College London (University of London),$c2008.
=300  \\$a313 p. :$bdigital, PDF file.
=336  \\$atext$2rdacontent
=337  \\$acomputer$2rdamedia
=338  \\$aonline resource$2rdacarrier
=502  \\$aThesis (Ph.D.)--Imperial College, London, 2008.
=504  \\$aIncludes bibliographical references.
=520  3\$aMultiple System Atrophy (MSA) and Pure Autonomic Failure (PAF) are contrasting models of Chronic Autonomic failure. PAF primarily involves the post-ganglionic autonomic nervous system, whilst in MSA the pre-ganglionic structures are impaired. My central hypothesis is that this underlying neuropathological difference between MSA and PAF will lead to differing cardiovascular responses. I will assess the cardiovascular effects of known pressor and vasomotor stimuli (mental arithmetic, cold pressor test, isometric exercise, water ingestion, inhaled CO₂ and inspiratory gasp) in MSA and PAF. Neurohormonal aspects will be explored by comparing the cardiovascular effects of the α2-adrenoceptor agonist clonidine with serum noradrenaline levels in these groups, as well as comparing supine antidiuretic hormone (ADH) levels after head up tilt and correlating these with supine blood pressure (BP). As well as contrasting the cardiovascular responses, I will use the water ingestion studies to examine effects on orthostatic hypotension, a common complication of both MSA and PAF. To measure cardiovascular responses during these studies I have used the Portapres II device to obtain continuous, non-invasive, beat-to-beat measurements of BP and heart rate (HR). Subsequent Model flow analysis using Beatscope software has then been used to calculate further cardiovascular indices, including cardiac output (CO), stroke volume (SV) and total peripheral resistance (TPR). In addition, intermittent BP and HR measurements have been obtained with an automated sphygmomanometer (Dinamap). Finally, peripheral vasomotor responses have been recorded by means of the Laser Doppler perfusion meter.
=536  \\$aSponsored by: The Sarah Matheson Trust
=538  \\$aMode of access: World Wide Web.
=710  2\$aImperial College, London.
=852  4\$aBritish Library$bDSC$cDRT$j513418
=856  40$uhttp://hdl.handle.net/10044/1/4718
=859  \\$aXLD$bEThOS
=CAT  \\$aETHOSBKLG$b00$c20111010$lBLL01$h1535
=CAT  \\$aETHOSBKLG$c20111010$lBLL01$h1607
=CAT  \\$aETHOSBKLG$c20111010$lBLL01$h1631
=CAT  \\$aBATCH$b00$c20111010$lBLL01$h1823
=CAT  \\$aBATCH-UPD$b00$c20121030$lBLL01$h1022
=CAT  \\$aWR13.117$c20130727$lBLL01$h2009
=CAT  \\$aWR13.144/5$c20140418$lBLL01$h1028
=CAT  \\$aBATCH-ETHO$b00$c20140502$lBLL01$h0139
=CAT  \\$aBATCH-ETH8$c20170506$lBLL01$h1041
=DRT  \\$aETHOS
=FIN  \\$aY$d20111010
=FMT  \\$a  BK
=LAS  \\$aBATCH-ETH8$b00$c20170506$lBLL01$h1041
=SRC  \\$aEThOS$bethos_marc_111007.mrc
=STA  \\$aSUPPRESSED$bEThOS can't supply or embargoed

