=LDR  04666 am a22004817a 4500
=001  015923672
=003  Uk
=005  20111010153529.0
=006  m\\\\\\\\d\\\\\\\\
=007  cr\|||||||||||
=008  111010s2009\\\\xxk\\\\\sbm\\\000\0\eng\\
=040  \\$aUk$beng$cUk$dUk
=082  04$a621.31$223
=100  1\$aCastro, Manuel.
=245  10$aGeneration and transmission adequacy evaluation of power systems with wind generation$h[electronic resource].
=260  \\$bImperial College, London,$c2009.
=300  \\$ap. :$bdigital, PDF file.
=336  \\$atext$2rdacontent
=337  \\$acomputer$2rdamedia
=338  \\$aonline resource$2rdacarrier
=502  \\$aThesis (Ph.D.)--Imperial College London, 2009.
=504  \\$aIncludes bibliographical references.
=520  3\$aIn response to the challenge of proposed reductions to greenhouse gas emissionsoutlined in international agreements such as the Kyoto Protocol, countries areconsidering supplying a significant share of their future energy requirements fromrenewable energy sources. Wind power, both on and offshore, is the principalcommercially available and scaleable renewable energy technology. It is expected toremain the dominant technology in the medium-term future by delivering the majorityof the required growth in renewable energy. The unique characteristics of wind power generation raise issues for its integration intothe existing power systems. This thesis explores three specific issues, namely, windgeneration?s limited capacity value, its remoteness from demand centres and theappropriateness of the regulatory framework governing its integration. The first issue was addressed by examining how the presence of flexible generationsources like hydro power affects the capacity value of wind in an assessment of overallsystem generation capacity. Wind capacity credit is interpreted from a planningperspective, and also as a component of the economic value of wind. The resultsillustrate that hydro power can compensate the variability of wind generation therebyaugmenting its capacity value. The second issue required the development of a transmission planning methodology toevaluate the sufficiency of transmission network capacity to accommodate windgeneration and to manage security of supply. The methodology was used to assess, overthe long term investment horizon, the requirement for additional transmission networkcapacity driven by wind generation. The assessment found that wind generation drivesless transmission network capacity than conventional generation and that wind andconventional generation should share the same transmission network capacity. Finally, the thesis looked into the establishment of regulatory framework that couldrecognise the realistic contribution of wind generation characteristics to transmissionsecurity and capture this contribution within the network pricing structure. The current 4transmission security standards were reviewed to evaluate whether they are capable ofrecognising the different operation characteristics and output of wind generation. Standards for assessing transmission adequacy were found to lead to under-investmentin capacity for importing areas and over-investment in exporting areas. Consequently, aset of ?contribution factors? capturing the interaction between wind and systemcharacteristics were derived to augment the standards. At the same time, a modificationof the present TNUoS charging mechanism in order to discriminate between generationtechnology types and to devise cost-reflective pricing regimes is proposed. This isparticularly important when transmission investment is driven by reliability, as inexporting areas the cost reflective charges for wind were uniformly found to be lowerthan the charges for conventional generators.
=538  \\$aMode of access: World Wide Web.
=710  2\$aImperial College, London.
=852  4\$aBritish Library$bDSC$cDRT$j513419
=856  40$uhttp://hdl.handle.net/10044/1/5267
=859  \\$aXLD$bEThOS
=CAT  \\$aETHOSBKLG$b00$c20111010$lBLL01$h1535
=CAT  \\$aETHOSBKLG$c20111010$lBLL01$h1607
=CAT  \\$aETHOSBKLG$c20111010$lBLL01$h1631
=CAT  \\$aBATCH$b00$c20111010$lBLL01$h1823
=CAT  \\$aBATCH-UPD$b00$c20121030$lBLL01$h1022
=CAT  \\$aWR13.117$c20130727$lBLL01$h2009
=CAT  \\$aWR13.144/5$c20140418$lBLL01$h1028
=CAT  \\$aBATCH-ETHO$b00$c20140502$lBLL01$h0139
=CAT  \\$aBATCH-ETH8$c20170506$lBLL01$h1041
=DRT  \\$aETHOS
=FIN  \\$aY$d20111010
=FMT  \\$a  BK
=LAS  \\$aBATCH-ETH8$b00$c20170506$lBLL01$h1041
=SRC  \\$aEThOS$bethos_marc_111007.mrc
=STA  \\$aSUPPRESSED$bEThOS can't supply or embargoed

