=LDR  04328 am a22004937a 4500
=001  015923674
=003  Uk
=005  20111010153529.0
=006  m\\\\\\\\d\\\\\\\\
=007  cr\|||||||||||
=008  111010s2009\\\\xxk\\\\\sbm\\\000\0\eng\\
=040  \\$aUk$beng$cUk$dUk
=082  04$a338.0068$223
=100  1\$aAuplat, Claire Aimee.
=245  10$aNanotechnology and Institutional Change$h[electronic resource] :$bThe Co-Industrial and Institutional Emergence of Nanotechnology as a Demonstrative Case of a New Form of Institutional Entrepreneurship.
=260  \\$bImperial College, London,$c2009.
=300  \\$ap. :$bdigital, PDF file.
=336  \\$atext$2rdacontent
=337  \\$acomputer$2rdamedia
=338  \\$aonline resource$2rdacarrier
=502  \\$aThesis (Ph.D.)--Imperial College London, 2009.
=504  \\$aIncludes bibliographical references.
=520  3\$aThis study provides a conceptual framework of the combined actions of various groups of stakeholders to account for a new field of institutional emergence: technology-centred institutional emergence. The aim is to gain better understanding of the process of the coinstitutional and industrial emergence of a new technology. Rather than focusing on a particular group of stakeholders, the institutional entrepreneurial 'heroes', the chosen perspective is to provide evidence that institutional entrepreneurship is a complex process which results from a multifaceted web of interactions. By focusing on the particular empirical case of the co-industrial and institutional emergence of nanotechnology, it reveals some of the characteristics of this process. The empirical field of nanotechnology is the nexus of a whole range of technical, economic and social activities and is at the core of much debate relating to ethics, regulation, economics and politics. Therefore it constitutes an excellent domain of research to enable the replicability of the findings. The scope of the study is global, with a particular focus on Europe and the United States. In this research, I draw mainly from the theoretical frameworks of new institutionalism and entrepreneurship. New institutionalism claims that institutions operate in an environment consisting of other institutions which influence them and that to survive in such an environment, organisations need to establish legitimacy within the world of institutions. The establishment of legitimacy is at the heart of this research and I show that in the field of nanotechnology ventures, institutional legitimacy arises from close interactions between entrepreneurship and institutional entrepreneurship. Building on this conceptual framework I show that: • The process of nanotechnology institutional emergence is co-evolutionary with that of industrial emergence. • Institutional emergence in nanotechnologies results from a specific web of interactions where increasing awareness of the importance of sustainable development constitutes an overlapping area of the distinct visions of each group of stakeholders and may be seen as the connecting element which keeps otherwise potentially diverging agendas together. My demonstration rests on a model which postulates that nanotechnology institutional emergence results from the combined interactions of mainly five groups of stakeholders: entrepreneurs, commentators, end users, scientists and policy makers.
=536  \\$aSponsored by: Imperial College Business School
=538  \\$aMode of access: World Wide Web.
=710  2\$aImperial College, London.
=852  4\$aBritish Library$bDSC$cDRT$j513421
=856  40$uhttp://hdl.handle.net/10044/1/5274
=859  \\$aXLD$bEThOS
=CAT  \\$aETHOSBKLG$b00$c20111010$lBLL01$h1535
=CAT  \\$aETHOSBKLG$c20111010$lBLL01$h1607
=CAT  \\$aETHOSBKLG$c20111010$lBLL01$h1631
=CAT  \\$aBATCH$b00$c20111010$lBLL01$h1823
=CAT  \\$aBATCH-UPD$b00$c20121030$lBLL01$h1022
=CAT  \\$aWR13.117$c20130727$lBLL01$h2009
=CAT  \\$aWR13.144/5$c20140418$lBLL01$h1028
=CAT  \\$aBATCH-ETHO$b00$c20140502$lBLL01$h0139
=CAT  \\$aBATCH-ETH8$c20170506$lBLL01$h1041
=DRT  \\$aETHOS
=FIN  \\$aY$d20111010
=FMT  \\$a  BK
=LAS  \\$aBATCH-ETH8$b00$c20170506$lBLL01$h1041
=SRC  \\$aEThOS$bethos_marc_111007.mrc
=STA  \\$aSUPPRESSED$bEThOS can't supply or embargoed

