=LDR  03732 am a22004937a 4500
=001  015923675
=003  Uk
=005  20111010153529.0
=006  m\\\\\\\\d\\\\\\\\
=007  cr\|||||||||||
=008  111010s2009\\\\xxk\\\\\sbm\\\000\0\eng\\
=040  \\$aUk$beng$cUk$dUk
=082  04$a537.622$223
=100  1\$aKadkhodazadeh, Shima.
=245  10$aAnalytical Transmission Electron Microscopy of InAs/GaAs quantum dots and GaInNAs/GaAs quantum wells$h[electronic resource].
=260  \\$bImperial College, London,$c2009.
=300  \\$ap. :$bdigital, PDF file.
=336  \\$atext$2rdacontent
=337  \\$acomputer$2rdamedia
=338  \\$aonline resource$2rdacarrier
=502  \\$aThesis (Ph.D.)--Imperial College London, 2009.
=504  \\$aIncludes bibliographical references.
=520  3\$aStructure and chemical composition of InAs/GaAs quantum dots and GaInNAs/GaAs quantum wells were investigated using analytical transmission electron microscopy. These material systems are of importance for fabricating optoelectronic devices capable of operating in the 1.3 - 1.55 μm wavelength range. The samples were grown by molecular beam epitaxy. The optical properties of the quantum dots and quantum wells are largely determined by their structure and composition. Properties such as the shape, size and composition of the InAs/GaAs quantum dots and the morphology and composition of the GaInNAs/GaAs quantum wells were studied using high angle annular dark field imaging and electron energy-loss spectroscopy. In the case of the InAs/GaAs quantum dots, in particular, the effects of the GaAs spacer layer thickness in bilayer quantum dots and overgrowing the quantum dots with GaInAs instead of GaAs on the properties of the dots were investigated. The results indicated that the GaAs spacer layer can have a significant influence on the shape, size and nucleation position of the quantum dots in the second layer. In addition to this, it was demonstrated that overgrowing the quantum dots with GaInAs instead of GaAs introduces smaller changes to the structure and composition of the dots. In case of the quantum wells, the influence of the growth temperature and In composition on their morphology and composition were examined. Higher growth temperatures and In contents were shown to lead to the degradation of the 2D morphology and formation of inhomogeneities in the chemical composition of the quantum wells. When correlated with the optical performance of these structures, these results can provide important information about their structure-property relationships. Finally, the possibility of utilising electron energy-loss spectroscopy in monochromated transmission electron microscopy instruments to measure and map the band gap of semiconductor structures was studied and the results discussed.
=536  \\$aSponsored by: EPSRC
=538  \\$aMode of access: World Wide Web.
=710  2\$aImperial College, London.
=852  4\$aBritish Library$bDSC$cDRT$j513423
=856  40$uhttp://hdl.handle.net/10044/1/5277
=859  \\$aXLD$bEThOS
=CAT  \\$aETHOSBKLG$b00$c20111010$lBLL01$h1535
=CAT  \\$aETHOSBKLG$c20111010$lBLL01$h1607
=CAT  \\$aETHOSBKLG$c20111010$lBLL01$h1631
=CAT  \\$aBATCH$b00$c20111010$lBLL01$h1823
=CAT  \\$aBATCH-UPD$b00$c20121030$lBLL01$h1022
=CAT  \\$aWR13.117$c20130727$lBLL01$h2009
=CAT  \\$aWR13.144/5$c20140418$lBLL01$h1028
=CAT  \\$aBATCH-ETHO$b00$c20140502$lBLL01$h0139
=CAT  \\$aBATCH-ETH8$c20170506$lBLL01$h1041
=DRT  \\$aETHOS
=FIN  \\$aY$d20111010
=FMT  \\$a  BK
=LAS  \\$aBATCH-ETH8$b00$c20170506$lBLL01$h1041
=SRC  \\$aEThOS$bethos_marc_111007.mrc
=STA  \\$aSUPPRESSED$bEThOS can't supply or embargoed

