=LDR  03886 am a22004817a 4500
=001  015923676
=003  Uk
=005  20111010153529.0
=006  m\\\\\\\\d\\\\\\\\
=007  cr\|||||||||||
=008  111010s2009\\\\xxk\\\\\sbm\\\000\0\eng\\
=040  \\$aUk$beng$cUk$dUk
=082  04$a621.382$223
=100  1\$aLin, Xiang.
=245  10$aSystem Identification with Applications in Speech Enhancement$h[electronic resource].
=260  \\$bImperial College, London,$c2009.
=300  \\$ap. :$bdigital, PDF file.
=336  \\$atext$2rdacontent
=337  \\$acomputer$2rdamedia
=338  \\$aonline resource$2rdacarrier
=502  \\$aThesis (Ph.D.)--Imperial College London, 2009.
=504  \\$aIncludes bibliographical references.
=520  3\$aAs the increasing popularity of integrating hands-free telephony on mobile portable devicesand the rapid development of voice over internet protocol, identification of acousticsystems has become desirable for compensating distortions introduced to speech signalsduring transmission, and hence enhancing the speech quality. The objective of this researchis to develop system identification algorithms for speech enhancement applicationsincluding network echo cancellation and speech dereverberation. A supervised adaptive algorithm for sparse system identification is developed fornetwork echo cancellation. Based on the framework of selective-tap updating schemeon the normalized least mean squares algorithm, the MMax and sparse partial updatetap-selection strategies are exploited in the frequency domain to achieve fast convergenceperformance with low computational complexity. Through demonstrating howthe sparseness of the network impulse response varies in the transformed domain, themultidelay filtering structure is incorporated to reduce the algorithmic delay. Blind identification of SIMO acoustic systems for speech dereverberation in thepresence of common zeros is then investigated. First, the problem of common zeros isdefined and extended to include the presence of near-common zeros. Two clustering algorithmsare developed to quantify the number of these zeros so as to facilitate the studyof their effect on blind system identification and speech dereverberation. To mitigate sucheffect, two algorithms are developed where the two-stage algorithm based on channeldecomposition identifies common and non-common zeros sequentially; and the forcedspectral diversity approach combines spectral shaping filters and channel undermodellingfor deriving a modified system that leads to an improved dereverberation performance. Additionally, a solution to the scale factor ambiguity problem in subband-based blind system identification is developed, which motivates further research on subbandbaseddereverberation techniques. Comprehensive simulations and discussions demonstratethe effectiveness of the aforementioned algorithms. A discussion on possible directionsof prospective research on system identification techniques concludes this thesis.
=538  \\$aMode of access: World Wide Web.
=710  2\$aImperial College, London.
=852  4\$aBritish Library$bDSC$cDRT$j513424
=856  40$uhttp://hdl.handle.net/10044/1/5278
=859  \\$aXLD$bEThOS
=CAT  \\$aETHOSBKLG$b00$c20111010$lBLL01$h1535
=CAT  \\$aETHOSBKLG$c20111010$lBLL01$h1607
=CAT  \\$aETHOSBKLG$c20111010$lBLL01$h1631
=CAT  \\$aBATCH$b00$c20111010$lBLL01$h1823
=CAT  \\$aBATCH-UPD$b00$c20121030$lBLL01$h1022
=CAT  \\$aWR13.117$c20130727$lBLL01$h2009
=CAT  \\$aWR13.144/5$c20140418$lBLL01$h1028
=CAT  \\$aBATCH-ETHO$b00$c20140502$lBLL01$h0139
=CAT  \\$aBATCH-ETH8$c20170506$lBLL01$h1041
=DRT  \\$aETHOS
=FIN  \\$aY$d20111010
=FMT  \\$a  BK
=LAS  \\$aBATCH-ETH8$b00$c20170506$lBLL01$h1041
=SRC  \\$aEThOS$bethos_marc_111007.mrc
=STA  \\$aSUPPRESSED$bEThOS can't supply or embargoed

