=LDR  04255 am a22004817a 4500
=001  015923679
=003  Uk
=005  20111010153529.0
=006  m\\\\\\\\d\\\\\\\\
=007  cr\|||||||||||
=008  111010s2009\\\\xxk\\\\\sbm\\\000\0\eng\\
=040  \\$aUk$beng$cUk$dUk
=082  04$a005.3$223
=100  1\$aBouganis, Alexandros.
=245  10$aCurve-based shape matching methods and applications$h[electronic resource].
=260  \\$bImperial College, London,$c2009.
=300  \\$ap. :$bdigital, PDF file.
=336  \\$atext$2rdacontent
=337  \\$acomputer$2rdamedia
=338  \\$aonline resource$2rdacarrier
=502  \\$aThesis (Ph.D.)--Imperial College London (University of London), 2009.
=504  \\$aIncludes bibliographical references.
=520  3\$aOne of the main cues we use in our everyday life when interacting with the environment is shape. For example, we use shape information to recognise a chair, grasp a cup, perceive traffic signs andsolve jigsaw puzzles. We also use shape when dealing with more sophisticated tasks, such as themedical diagnosis of radiographs or the restoration of archaeological artifacts. While the perceptionof shape and its use is a natural ability of human beings, endowing machines with such skills isnot straightforward. However, the exploitation of shape cues is important for the development ofcompetent computer methods that will automatically perform tasks such as those just mentioned. With this aim, the present work proposes computer methods which use shape to tackle two importanttasks, namely packing and object recognition. The packing problem arises in a variety of applications in industry, where the placement of a setof two-dimensional shapes on a surface such that no shapes overlap and the uncovered surface areais minimised is important. Given that this problem is NP-complete, we propose a heuristic methodwhich searches for a solution of good quality, though not necessarily the optimal one, within a reasonablecomputation time. The proposed method adopts a pictorial representation and employs a greedyalgorithm which uses a shape matching module in order to dynamically select the order and the poseof the parts to be placed based on the ?gaps? appearing in the layout during the execution. This thesis further investigates shape matching in the context of object recognition and first considersthe case where the target object and the input scene are represented by their silhouettes. Two distinctmethods are proposed; the first method follows a local string matching approach, while the secondone adopts a global optimisation approach using dynamic programming. Their use of silhouettes,however, rules out the consideration of any internal contours that might appear in the input scene,and in order to address this limitation, we later propose a graph-based scheme that performs shapematching incorporating information from both internal and external contours. Finally, we lift the assumptionmade that input data are available in the form of closed curves, and present a method whichcan robustly perform object recognition using curve fragments (edges) as input evidence. Experimentsconducted with synthetic and real images, involving rigid and deformable objects, show therobustness of the proposed methods with respect to geometrical transformations, heavy clutter andsubstantial occlusion.
=538  \\$aMode of access: World Wide Web.
=710  2\$aImperial College, London.
=852  4\$aBritish Library$bDSC$cDRT$j513427
=856  40$uhttp://hdl.handle.net/10044/1/5286
=859  \\$aXLD$bEThOS
=CAT  \\$aETHOSBKLG$b00$c20111010$lBLL01$h1535
=CAT  \\$aETHOSBKLG$c20111010$lBLL01$h1607
=CAT  \\$aETHOSBKLG$c20111010$lBLL01$h1631
=CAT  \\$aBATCH$b00$c20111010$lBLL01$h1823
=CAT  \\$aBATCH-UPD$b00$c20121030$lBLL01$h1022
=CAT  \\$aWR13.117$c20130727$lBLL01$h2009
=CAT  \\$aWR13.144/5$c20140418$lBLL01$h1028
=CAT  \\$aBATCH-ETHO$b00$c20140502$lBLL01$h0139
=CAT  \\$aBATCH-ETH8$c20170506$lBLL01$h1041
=DRT  \\$aETHOS
=FIN  \\$aY$d20111010
=FMT  \\$a  BK
=LAS  \\$aBATCH-ETH8$b00$c20170506$lBLL01$h1041
=SRC  \\$aEThOS$bethos_marc_111007.mrc
=STA  \\$aSUPPRESSED$bEThOS can't supply or embargoed

