=LDR  03718 am a22004697a 4500
=001  015923681
=003  Uk
=005  20111010153529.0
=006  m\\\\|\\\d\|\\\\\\
=007  cr||||||||||||
=008  100408s2009\\\\enk\\\\\sbm\\\000\0\eng\\
=040  \\$aUk$beng$cUk
=082  04$a612.7$223
=100  1\$aMcLean, Celia.
=245  10$aInvestigating the expression and function of CCN2 in articular cartilage$h[electronic resource] /$cCelia McLean.
=260  \\$aLondon :$bImperial College London,$c2009.
=300  \\$a215 p. :$bdigital, PDF file.
=336  \\$atext$2rdacontent
=337  \\$acomputer$2rdamedia
=338  \\$aonline resource$2rdacarrier
=502  \\$aThesis (Ph.D.)--Imperial College London, 2009.
=504  \\$aIncludes bibliographical references.
=520  3\$aThe pericellular matrix (PCM) is a distinct zone of matrix that surrounds individual chondrocytes throughout articular cartilage. Although not much is known about its function, our group has shown that it has a role in mechanotransduction by controlling the bioavailability of perlecan-bound FGF-2. The aim of this project was to determine the other structural components of the PCM, and to search for other heparin binding growth factors which might be sequestered in the matrix. By confocal microscopy I confirmed that the PCM was rich in type VI collagen and perlecan, although devoid of type II collagen and aggrecan. Isolation of individual chondrons (the chondrocyte together with its PCM) was performed by partial digestion of the matrix using dispase and collagenase, and proteomic analysis using mass spectrometry was performed to identify new proteins. As this method was only partially successful I looked for the presence of a known heparin binding growth factor, connective tissue growth factor (CCN2), in chondron preparations. CCN2, which is an abundant secreted protein of articular cartilage, was present in both the chondron preparation by western blot, and was visualised in the PCM of porcine and human articular cartilage by confocal microscopy. CCN2 is not commercially available so His-tagged recombinant protein was stably expressed and purified using nickel affinity chromatography. Biological activity of the purified protein was investigated in a number of established assays. No biological activity was demonstrated when purified CCN2 was used alone on murine mesenchymal stem cells, but was evident when assayed in combination with low dose TGF-β. The effect of exogenous CCN2 on fibroblasts was limited by the significant release of endogenous CCN2. High constitutive expression of CCN2 in articular cartilage may limit the effects seen by exogenous CCN2. However, the results presented in this thesis support the role of CCN2 as a modulator of TGF beta signalling, and suggest that, through potentiating TGF beta it may regulate matrix turnover in articular cartilage.
=538  \\$aMode of access: World Wide Web.
=710  2\$aImperial College, London.
=852  4\$aBritish Library$bDSC$cDRT$j513429
=856  40$uhttp://hdl.handle.net/10044/1/5289
=859  \\$aXLD$bEThOS
=CAT  \\$aETHOSBKLG$b00$c20111010$lBLL01$h1535
=CAT  \\$aETHOSBKLG$c20111010$lBLL01$h1607
=CAT  \\$aETHOSBKLG$c20111010$lBLL01$h1631
=CAT  \\$aBATCH$b00$c20111010$lBLL01$h1823
=CAT  \\$aBATCH-UPD$b00$c20121030$lBLL01$h1022
=CAT  \\$aWR13.117$c20130727$lBLL01$h2009
=CAT  \\$aWR13.144/5$c20140418$lBLL01$h1028
=CAT  \\$aBATCH-ETHO$b00$c20140502$lBLL01$h0139
=DRT  \\$aETHOS
=FIN  \\$aY$d20111010
=FMT  \\$a  BK
=LAS  \\$aBATCH-ETHO$b00$c20140502$lBLL01$h0139
=SRC  \\$aEThOS$bethos_marc_111007.mrc
=STA  \\$aSUPPRESSED$bEThOS can't supply or embargoed

