=LDR  03831 am a22004937a 4500
=001  015923682
=003  Uk
=005  20111010153529.0
=006  m\\\\\\\\d\\\\\\\\
=007  cr\|||||||||||
=008  111010s2009\\\\xxk\\\\\sbm\\\000\0\eng\\
=040  \\$aUk$beng$cUk$dUk
=082  04$a579.5$223
=100  1\$aCollier, Fay Alexandra.
=245  14$aThe mycorrhizal fungi involved in the tree invasion of lowland heathlands$h[electronic resource].
=260  \\$bImperial College, London,$c2009.
=300  \\$ap. :$bdigital, PDF file.
=336  \\$atext$2rdacontent
=337  \\$acomputer$2rdamedia
=338  \\$aonline resource$2rdacarrier
=502  \\$aThesis (Ph.D.)--Imperial College London, 2009.
=504  \\$aIncludes bibliographical references.
=520  3\$aIn England, the loss of lowland heathland, a habitat of high conservationimportance, is primarily due to the invasion of birch and pine. This secondarysuccession has been researched in depth from a plant perspective but little is knownabout the role of mycorrhizal fungi, even though both trees and heather aremycorrhizal. In fact, tree encroachment onto lowland heathland can be regarded asthe replacement of a resident ericoid mycorrhizal community by an invadingectomycorrhizal community. I determined the identity and distribution of the ectomycorrhizal fungiassociated with birch and pine encroachment onto lowland heathlands. Iestablished whether there are mycorrhizal fungi that mediate the invasion by a)comparing the mycorrhizal inoculum potential of soil and ectomycorrhizal fungaldiversity at three levels of invasion (uninvaded heathland, invaded heathland andwoodland), b) comparing the fungi forming mycorrhizas on tree seedlings and treesacross diverse sites, c) determining the effect of proximity to trees onmycorrhization and seedling biomass, and d) identifying fungal dispersal methods. I established that in lowland heathlands i) seedlings have limited access toectomycorrhizal fungi even within sapling rooting zones, ii) ectomycorrhizalinoculum potential increases as the level of tree invasion increases, iii) mycorrhizalseedlings accumulate more biomass than non-mycorrhizal seedlings, iv) there arefive keystone ectomycorrhizal fungi that participate in tree invasion - Rhizopogonluteolus, Suillus bovinus, S. variegatus (pine symbionts), Laccaria proxima andThelephora terrestris (primarily birch symbionts), v) some ectomycorrhizal fungicannot colonise seedlings via spores, and vi) ectomycorrhizal communities differbetween lowland heathland sites. This study is the first to identify the mycorrhizal fungi that associate withtree seedlings on lowland heathlands and it is one of the first biome-levelmycorrhizal studies of secondary plant succession. The data presented provide thestepping-stones required for future ecologically-relevant modelling andexperimentation aimed at understanding mycorrhizal invasions.
=536  \\$aSponsored by: NERC
=538  \\$aMode of access: World Wide Web.
=710  2\$aImperial College, London.
=852  4\$aBritish Library$bDSC$cDRT$j513430
=856  40$uhttp://hdl.handle.net/10044/1/5294
=859  \\$aXLD$bEThOS
=CAT  \\$aETHOSBKLG$b00$c20111010$lBLL01$h1535
=CAT  \\$aETHOSBKLG$c20111010$lBLL01$h1607
=CAT  \\$aETHOSBKLG$c20111010$lBLL01$h1631
=CAT  \\$aBATCH$b00$c20111010$lBLL01$h1823
=CAT  \\$aBATCH-UPD$b00$c20121030$lBLL01$h1022
=CAT  \\$aWR13.117$c20130727$lBLL01$h2009
=CAT  \\$aWR13.144/5$c20140418$lBLL01$h1028
=CAT  \\$aBATCH-ETHO$b00$c20140502$lBLL01$h0139
=CAT  \\$aBATCH-ETH8$c20170506$lBLL01$h1041
=DRT  \\$aETHOS
=FIN  \\$aY$d20111010
=FMT  \\$a  BK
=LAS  \\$aBATCH-ETH8$b00$c20170506$lBLL01$h1041
=SRC  \\$aEThOS$bethos_marc_111007.mrc
=STA  \\$aSUPPRESSED$bEThOS can't supply or embargoed

