=LDR  03913 am a22004937i 4500
=001  015923683
=003  Uk
=005  20111010153529.0
=006  m\\\\\\\\d\\\\\\\\
=007  cr\|||||||||||
=008  111010s2008\\\\xxk\\\\\sbm\\\000\0\eng\\
=040  \\$aUk$beng$cUk$dUk
=082  14$a540$215
=100  1\$aGrant, David Mitchell.
=245  10$aMulti-dimensional fluorescence microscopy for Förster Resonance Energy Transfer studies of cell signaling$h[electronic resource].
=260  \\$bImperial College, London,$c2008.
=300  \\$ap. :$bdigital, PDF file.
=336  \\$atext$2rdacontent
=337  \\$acomputer$2rdamedia
=338  \\$aonline resource$2rdacarrier
=502  \\$aThesis (Ph.D.)--University of London - Imperial College London, 2008.
=504  \\$aIncludes bibliographical references.
=520  3\$aThis thesis discusses the development of novel multi-dimensional fluorescence microscopy, particularly fluorescence lifetime imaging (FLIM) technology, and its application to imaging Förster Resonance Energy Transfer (FRET) events in live cells. Particular emphasis is placed on imaging activation of Ras family GTP-ases and binding to their effectors, including Phospholipase C Epsilon (PLCe). The early part of the thesis discusses FLIM-FRET experiments performed using a standard confocal microscope with time correlated single photon counting (TCSPC) to image interactions between PLCe and Ras. These early experiments suggested a weak interaction but this mode of imaging was too slow to capture dynamics of Ras activation in live cells. The long acquisition times required by the TCSPC microscope prompted the development of a high speed FLIM microscope using wide-field time-gated imaging, which was combined with a Nipkow disc confocal scan head to achieve optical sectioning. This system was characterised and its performance compared with commercially available TCSPC FLIM microscopes, demonstrating the enhancement in imaging speed for comparable accuracy of lifetime determination. This new microscope was subsequently applied to study the activation of the H-Ras oncogene in live cells following EGF stimulation. The latter part of the thesis discusses the development of a second novel microscope system for multiplexed FRET studies - using both FLIM and spectral ratiometric imaging to monitor two different FRET pairs expressed within a single live cell. A CFP-YFP cameleon FRET biosensor was used to probe calcium signals in cells expressing different PLC isoforms and this was complemented by several novel Ras activation sensors that were designed using fluorescent proteins in the red end of the visible spectrum. Calibration experiments were carried out to determine the optimal fluorophores and filter sets for imaging multiplexed biosensors and the potential for imaging dynamics of calcium flux and Ras activation within the same cell were investigated.
=536  \\$aSponsored by: Engineering and Physical Sciences Research Council (EPSRC) via the Chemical Biology Centre (CBC)
=538  \\$aMode of access: World Wide Web.
=710  2\$aImperial College, London.
=852  4\$aBritish Library$bDSC$cDRT$j513431
=856  40$uhttp://hdl.handle.net/10044/1/5370
=859  \\$aXLD$bEThOS
=CAT  \\$aETHOSBKLG$b00$c20111010$lBLL01$h1535
=CAT  \\$aETHOSBKLG$c20111010$lBLL01$h1607
=CAT  \\$aETHOSBKLG$c20111010$lBLL01$h1631
=CAT  \\$aBATCH$b00$c20111010$lBLL01$h1823
=CAT  \\$aBATCH-UPD$b00$c20121030$lBLL01$h1022
=CAT  \\$aWR13.117$c20130727$lBLL01$h2009
=CAT  \\$aWR13.144/5$c20140418$lBLL01$h1028
=CAT  \\$aBATCH-ETHO$b00$c20160102$lBLL01$h0143
=CAT  \\$aBATCH-ETH8$c20170506$lBLL01$h1041
=DRT  \\$aETHOS
=FIN  \\$aY$d20111010
=FMT  \\$a  BK
=LAS  \\$aBATCH-ETH8$b00$c20170506$lBLL01$h1041
=SRC  \\$aEThOS$bethos_marc_111007.mrc
=STA  \\$aSUPPRESSED$bEThOS can't supply or embargoed

