=LDR  03889 am a22004937a 4500
=001  015923684
=003  Uk
=005  20111010153529.0
=006  m\\\\\\\\d\\\\\\\\
=007  cr\|||||||||||
=008  111010s2009\\\\xxk\\\\\sbm\\\000\0\eng\\
=040  \\$aUk$beng$cUk
=082  04$a612$223
=100  1\$aChong, Desmond Yok Rue.
=245  10$aBiomechanical analysis of fixation and bone$h[electronic resource].
=260  \\$bImperial College London (University of London),$c2009.
=300  \\$ap. :$bdigital, PDF file.
=336  \\$atext$2rdacontent
=337  \\$acomputer$2rdamedia
=338  \\$aonline resource$2rdacarrier
=502  \\$aThesis (Ph.D.)--Imperial College, London, 2009.
=504  \\$aIncludes bibliographical references.
=520  3\$aLong-term survivorship of a total knee replacement (TKR) relies on the strength of bone around the implant and its initial stability. Aseptic component loosening caused by mechanical factors is a recognised failure mode for knee prostheses. Bone resorption due to 'stress-shielding' of the stiff stemmed implants will potentially lead to weakened bone strength, and presents a challenge for revision TKR surgery. The aim of this study was to develop analytical methodologies for the investigation of fixation performance of TKR, and to gain a better understanding of the prosthetic design requirements, addressing two major mechanical problems of bone remodelling and aseptic loosening. Patient-specific finite element (FE) modelling incorporated with a strain-adaptive bone remodelling theory was used to simulate bone remodelling responses of the post-operative tibial fixation. The choice of cementing technique was found to influence the remodelling behaviour; cemented fixation - modelled as a firm anchorage of the prosthesis onto the bone, was predicted to induce greater stress-shielding effect consequently leading to severe proximal bone resorption; for a fixation relying on biological attachment of bony ingrowth - modelled as a less firmly anchored bone prosthesis interface, lesser proximal bone resorption was predicted. The consideration of bone remodelling in FE simulations for fixation analyses is paramount as it influenced the risk prediction of aseptic loosening between prosthesis designs. The cement tensile stresses and bone-prosthesis interface micromotions predicted were different prior to and after bone adaptation. FE predictions of the MIS mini-keel and standard stemmed prosthesis fixations after simulating six months of bone adaptation correlated well with the RSA measurements at a similar period. A modified in-vitro technique of measuring bone-prosthesis relative micromotion was developed for relating initial stability of the cemented and cementless (press-fit) tibial prostheses fixations to late aseptic loosening. The developed computational and in vitro methods should be applicable to other joint replacements.
=536  \\$aSponsored by: National Medical Research Council, Ministry of Health, Singapore
=538  \\$aMode of access: World Wide Web.
=710  2\$aImperial College, London.
=852  4\$aBritish Library$bDSC$cDRT$j513432
=856  40$uhttp://hdl.handle.net/10044/1/5371
=859  \\$aXLD$bEThOS
=CAT  \\$aETHOSBKLG$b00$c20111010$lBLL01$h1535
=CAT  \\$aETHOSBKLG$c20111010$lBLL01$h1607
=CAT  \\$aETHOSBKLG$c20111010$lBLL01$h1631
=CAT  \\$aBATCH$b00$c20111010$lBLL01$h1823
=CAT  \\$aBATCH-UPD$b00$c20121030$lBLL01$h1022
=CAT  \\$aWR13.117$c20130727$lBLL01$h2009
=CAT  \\$aWR13.144/5$c20140418$lBLL01$h1028
=CAT  \\$aBATCH-ETHO$b00$c20140502$lBLL01$h0139
=CAT  \\$aBATCH-ETH8$c20170506$lBLL01$h1041
=DRT  \\$aETHOS
=FIN  \\$aY$d20111010
=FMT  \\$a  BK
=LAS  \\$aBATCH-ETH8$b00$c20170506$lBLL01$h1041
=SRC  \\$aEThOS$bethos_marc_111007.mrc
=STA  \\$aSUPPRESSED$bEThOS can't supply or embargoed

