=LDR  03728 am a22004817a 4500
=001  015923685
=003  Uk
=005  20111010153529.0
=006  m\\\\\\\\d\\\\\\\\
=007  cr\|||||||||||
=008  111010s2009\\\\xxk\\\\\sbm\\\000\0\eng\\
=040  \\$aUk$beng$cUk$dUk
=082  04$a535$223
=100  1\$aBellei, Claudio.
=245  10$aMeasurements of Optical Radiation from High-Intensity Laser-Plasma Interactions$h[electronic resource].
=260  \\$bImperial College, London,$c2009.
=300  \\$ap. :$bdigital, PDF file.
=336  \\$atext$2rdacontent
=337  \\$acomputer$2rdamedia
=338  \\$aonline resource$2rdacarrier
=502  \\$aThesis (Ph.D.)--Imperial College London, 2009.
=504  \\$aIncludes bibliographical references.
=520  3\$aThis thesis presents experimental and theoretical results on the interaction of high-intensitylasers with solid and gaseous targets. All the measurements that are described belong tothe optical region of the spectrum. The interaction with solid targets has been investigated for two different intensity regimes. Intensities of up to 10[21] Wcm-2 have been accessed on the VULCAN lasersystem at the Rutherford Appleton Laboratory whereas the JETI laser system at the Institutf?r Optik und Quantenelektronik in Jena allowed to reach intensities of up to 4x10[19]Wcm-2 . For both regimes, the transport of relativistic electrons generated in the interactionshas been investigated through measurements of the optical radiation emitted fromthe rear surface of the solid targets. Polarimetry and angular distribution measurementsindicate that the radiation presents a high degree of polarisation and is non-isotropicallyemitted. It is, therefore, mainly attributed to transition radiation. A theoretical modelhas been developed in order to interpret and validate the experimental observations. As aresult, for the high intensity regime variation of the signal strength of the transition radiationwith respect to the direction of observation is attributed to the presence of mm-scalefilaments. The interaction with gaseous targets has been investigated at the Astra Gemini facilityat the Rutherford Appleton Laboratory, for peak intensities of up to 3x10[19] Wcm-2 ina spot size of 20 [Mu]m FWHM. In this experiment the properties of the laser pulse werestudied after interaction with the targets. For this purpose, a second harmonic generationFROG device was used. This allowed to determine both the pulse duration and thetemporal phase of the pulse, giving an insight on the dependence of the pulse propertieswith respect to interaction length and electron number density. The experimental resultsshow that the nonlinear evolution of the pulse can lead to compression from 45 fs beforethe interaction to a single pulse of below 20 fs duration, after propagating in the gaseousmedium.
=538  \\$aMode of access: World Wide Web.
=710  2\$aImperial College, London.
=852  4\$aBritish Library$bDSC$cDRT$j513433
=856  40$uhttp://hdl.handle.net/10044/1/5372
=859  \\$aXLD$bEThOS
=CAT  \\$aETHOSBKLG$b00$c20111010$lBLL01$h1535
=CAT  \\$aETHOSBKLG$c20111010$lBLL01$h1607
=CAT  \\$aETHOSBKLG$c20111010$lBLL01$h1631
=CAT  \\$aBATCH$b00$c20111010$lBLL01$h1823
=CAT  \\$aBATCH-UPD$b00$c20121030$lBLL01$h1022
=CAT  \\$aWR13.117$c20130727$lBLL01$h2009
=CAT  \\$aWR13.144/5$c20140418$lBLL01$h1028
=CAT  \\$aBATCH-ETHO$b00$c20140502$lBLL01$h0139
=CAT  \\$aBATCH-ETH8$c20170506$lBLL01$h1041
=DRT  \\$aETHOS
=FIN  \\$aY$d20111010
=FMT  \\$a  BK
=LAS  \\$aBATCH-ETH8$b00$c20170506$lBLL01$h1041
=SRC  \\$aEThOS$bethos_marc_111007.mrc
=STA  \\$aSUPPRESSED$bEThOS can't supply or embargoed

