=LDR  04735 am a22004817a 4500
=001  015923686
=003  Uk
=005  20111010153529.0
=006  m\\\\\\\\d\\\\\\\\
=007  cr\|||||||||||
=008  111010s2009\\\\xxk\\\\\sbm\\\000\0\eng\\
=040  \\$aUk$beng$cUk$dUk
=082  04$a519$223
=100  1\$aGirdlestone, Stephen.
=245  10$aNumerical Algorithms for Homoclinic Orbits$h[electronic resource].
=260  \\$bImperial College, London,$c2009.
=300  \\$ap. :$bdigital, PDF file.
=336  \\$atext$2rdacontent
=337  \\$acomputer$2rdamedia
=338  \\$aonline resource$2rdacarrier
=502  \\$aThesis (Ph.D.)--Imperial College London (University of London), 2009.
=504  \\$aIncludes bibliographical references.
=520  3\$aDynamical systems occur in many areas of science, especially fluid dynamics. One is ofteninterested in examining the structural changes in dynamical systems, and these are oftenrelated to the appearance or disappearance of solution trajectories connecting one or morestationary points. Homoclinic orbits are trajectories that connect a hyperbolic saddle-typestationary point to itself, and often arise as the limiting case of periodic solutions. In globalbifurcation analysis, the occurrence of homoclinic orbits is closely tied to chaotic behaviourin dynamical systems. Numerical computation of homoclinic orbits requires solving a boundary value problem(BVP) over a doubly infinite interval. There are three ways that this can be done. Thefirst is to truncate the problem to a large finite interval and create appropriate projectedboundary conditions to ensure that the solution over the infinite interval is approximatedwell. The second is to transform the problem to one over a finite interval via an exponentialchange of independent variable. The third is to use a method appropriate for an infiniteinterval by discretising the problem using a set of approximating functions appropriate toan infinite interval. In this thesis we will compare algorithms of all three types, and test ourimplementations of them on several test problems.? The first algorithm we will examine will be the original time method of Beyn. Thismethod truncates the infinite interval to a finite one, and produces projected boundaryconditions that force the endpoints of the trajectory to lie in the appropriate invariantsubspaces of the stationary point. This algorithm also includes a method for determiningwhether or not the truncated interval is large enough to obtain a solutionaccurate to a required tolerance.? The second algorithm is called time + subspace, and is a variation on the originaltime method that fixes the distance between the stationary point and the endpointof the solution, but allows the interval to vary ? the reverse of which was true fororiginal time.? The third algorithm is of the second type and is based upon the arclength parameterisationof the orbits. This method uses the arclength of the trajectory as the independentvariable to transform the problem to a finite interval. However, the BVPformulated in this way can have a singularity at the end of the domain, and thus aspecial collocation method is required to handle this.? As this method does not perform well on orbits exhibiting ? Silnikov behaviour, avariation of this method called the partial arclength method which uses a differentexponential transformation of the independent variable near the stationary point ispresented to address the deficiency.? The final algorithm presented in this thesis uses Laguerre polynomials to computepoints on the stable and unstable manifolds of the stationary point by solving a BVPover a semi-infinite interval. These are then used to produce boundary conditions forthe truncated BVP that ensure that the endpoints are on the appropriate manifold andnot just the appropriate subspace.
=538  \\$aMode of access: World Wide Web.
=710  2\$aImperial College, London.
=852  4\$aBritish Library$bDSC$cDRT$j513434
=856  40$uhttp://hdl.handle.net/10044/1/5373
=859  \\$aXLD$bEThOS
=CAT  \\$aETHOSBKLG$b00$c20111010$lBLL01$h1535
=CAT  \\$aETHOSBKLG$c20111010$lBLL01$h1607
=CAT  \\$aETHOSBKLG$c20111010$lBLL01$h1631
=CAT  \\$aBATCH$b00$c20111010$lBLL01$h1823
=CAT  \\$aBATCH-UPD$b00$c20121030$lBLL01$h1022
=CAT  \\$aWR13.117$c20130727$lBLL01$h2009
=CAT  \\$aWR13.144/5$c20140418$lBLL01$h1028
=CAT  \\$aBATCH-ETHO$b00$c20140502$lBLL01$h0139
=CAT  \\$aBATCH-ETH8$c20170506$lBLL01$h1041
=DRT  \\$aETHOS
=FIN  \\$aY$d20111010
=FMT  \\$a  BK
=LAS  \\$aBATCH-ETH8$b00$c20170506$lBLL01$h1041
=SRC  \\$aEThOS$bethos_marc_111007.mrc
=STA  \\$aSUPPRESSED$bEThOS can't supply or embargoed

