=LDR  03616 am a22004817a 4500
=001  015923687
=003  Uk
=005  20111010153529.0
=006  m\\\\\\\\d\\\\\\\\
=007  cr\|||||||||||
=008  111010s2009\\\\xxk\\\\\sbm\\\000\0\eng\\
=040  \\$aUk$beng$cUk$dUk
=082  04$a615.84$223
=100  1\$aNadkarni, Nachiket Abhay.
=245  10$aMRI Studies of Appetite Centre Function in Rodents$h[electronic resource].
=260  \\$bImperial College, London,$c2009.
=300  \\$ap. :$bdigital, PDF file.
=336  \\$atext$2rdacontent
=337  \\$acomputer$2rdamedia
=338  \\$aonline resource$2rdacarrier
=502  \\$aThesis (Ph.D.)--Imperial College London, 2009.
=504  \\$aIncludes bibliographical references.
=520  3\$aMany different regions of the brain are involved in appetite control. A full understandingof their function and interaction requires studying neuronal activity at high resolutionsimultaneously in space and time. Two Magnetic Resonance Imaging (MRI) methods canpotentially achieve this goal. Manganese-Enhanced (MEMRI) uses the accumulation ofadministered Mn[2+], which is paramagnetic (hence MRI visible) and taken up by active neuronsthrough voltage-gated Ca[2+] channels during action potentials. Haemodynamic methods use oneor more of many MRI-visible changes that occur to circulating blood in a brain region when itchanges activity. These include blood-oxygenation level dependent (BOLD) and cerebral bloodvolume weighted (CBV) MRI. The aim of this project was to further develop, adapt and then usethese methods to study the effects on neuronal activity of stimuli related to appetite and energybalance. The majority of work went towards adapting MEMRI for this. Amongst many testedchanges, improvements were made to the MRI acquisition protocol (specifically using fast spinecho rather than spin-echo acquisition) to make it more sensitive to Mn-induced signal changes,increase spatial coverage from partial to whole brain and rostro-caudal spatial resolution from1 to 0.4mm, all while maintaining the same temporal resolution. Most importantly, theneuroimaging analysis framework used in haemodynamic functional MRI was adapted foruse with MEMRI. This included the adaptation of spatial normalization software to handleMn-sensitive T[1]-weighted images dominated by non-brain tissue rather than brain dominatedT[2]/T*[2]-weighted images, and the generation of a signal change model for use in GLM. Thisenabled much more objective, reproducible and less laborious data analysis than with previoushand drawn ROIs. Attempts were made to use BOLD- and CBV-fMRI to study the effectsof potent, appetite-modulating gut hormones on appetite, though these failed to produce aresponse.
=538  \\$aMode of access: World Wide Web.
=710  2\$aImperial College, London.
=852  4\$aBritish Library$bDSC$cDRT$j513435
=856  40$uhttp://hdl.handle.net/10044/1/5374
=859  \\$aXLD$bEThOS
=CAT  \\$aETHOSBKLG$b00$c20111010$lBLL01$h1535
=CAT  \\$aETHOSBKLG$c20111010$lBLL01$h1607
=CAT  \\$aETHOSBKLG$c20111010$lBLL01$h1631
=CAT  \\$aBATCH$b00$c20111010$lBLL01$h1823
=CAT  \\$aBATCH-UPD$b00$c20121030$lBLL01$h1022
=CAT  \\$aWR13.117$c20130727$lBLL01$h2009
=CAT  \\$aWR13.144/5$c20140418$lBLL01$h1028
=CAT  \\$aBATCH-ETHO$b00$c20140502$lBLL01$h0139
=CAT  \\$aBATCH-ETH8$c20170506$lBLL01$h1041
=DRT  \\$aETHOS
=FIN  \\$aY$d20111010
=FMT  \\$a  BK
=LAS  \\$aBATCH-ETH8$b00$c20170506$lBLL01$h1041
=SRC  \\$aEThOS$bethos_marc_111007.mrc
=STA  \\$aSUPPRESSED$bEThOS can't supply or embargoed

