=LDR  03470 am a22004697a 4500
=001  015923690
=003  Uk
=005  20111010153529.0
=006  m\\\\\\\\d\\\\\\\\
=007  cr\|||||||||||
=008  101031s2009\\\\xxk\\\\\sbm\\\000\0\eng\\
=040  \\$aUk$beng$cUk
=082  04$a579.2$223
=100  1\$aGoodbody, Rory Eric.
=245  10$aFunctional analysis of viral schlafen from camelpox virus$h[electronic resource].
=260  \\$bImperial College London,$c2009.
=300  \\$a224 p. :$bdigital, PDF file.
=336  \\$atext$2rdacontent
=337  \\$acomputer$2rdamedia
=338  \\$aonline resource$2rdacarrier
=502  \\$aThesis (Ph.D.)--Imperial College London, 2009.
=504  \\$aIncludes bibliographical references.
=520  3\$aThis thesis concerns gene 176R from camelpox virus (CMLV) that encodes a protein known as viral schlafen (v-slfn). v-slfn has an N-terminal domain related to the p26 protein from baculovirus and a C-terminal domain related to mammalian schlafen proteins. A full length v-slfn is expressed by all sequenced orthopox viruses except vaccinia virus (VACV) and variola virus. The baculovirus p26 proteins are poorly characterised, with no known function. In contrast, murine schlafen (m-slfn) proteins are upregulated in response to infection and the promoter for m-slfn2 has NF-κB and AP-1 binding sites. The prototypic slfn, m-slfn1, halts cellular proliferation by inhibition of cyclin D1 expression in vitro and both m-slfn1 and m-slfn8 reduce thymocyte proliferation in vivo. v-slfn is a predominantly cytoplasmic protein of 57 kDa that is expressed both early and late during CMLV infection. Expression of v-slfn reverses the growth arrest resulting from m-slfn1 expression, and this is a result of a reversal of the inhibition of cyclin D1 expression. This effect can be seen following overexpression of various transcription factors that upregulate cyclin D1 expression. Recombinant VACV expressing enhanced levels of v-slfn replicated and spread at a comparable rate to control viruses in vitro, but was less virulent than controls in the intranasal model of infection in vivo. A group of viruses based on VACV WR were constructed, which lack the gene fragments (B2R and B3R) corresponding to CMLV176R. The undisrupted sequence for 176R was also re-inserted at this locus, resulting in a virus that expresses v-slfn from its natural promoter. In vitro characterisation showed no differences in replication or spread when compared to controls. Thus, v-slfn is an orthologue of mammalian slfn proteins, and may exert its effect by reversing their inhibition of cellular proliferation.
=538  \\$aMode of access: World Wide Web.
=710  2\$aImperial College, London.
=852  4\$aBritish Library$bDSC$cDRT$j513438
=856  40$uhttp://hdl.handle.net/10044/1/5378
=859  \\$aXLD$bEThOS
=CAT  \\$aETHOSBKLG$b00$c20111010$lBLL01$h1535
=CAT  \\$aETHOSBKLG$c20111010$lBLL01$h1607
=CAT  \\$aETHOSBKLG$c20111010$lBLL01$h1631
=CAT  \\$aBATCH$b00$c20111010$lBLL01$h1823
=CAT  \\$aBATCH-UPD$b00$c20121030$lBLL01$h1022
=CAT  \\$aWR13.117$c20130727$lBLL01$h2009
=CAT  \\$aWR13.144/5$c20140418$lBLL01$h1028
=CAT  \\$aBATCH-ETHO$b00$c20140502$lBLL01$h0139
=DRT  \\$aETHOS
=FIN  \\$aY$d20111010
=FMT  \\$a  BK
=LAS  \\$aBATCH-ETHO$b00$c20140502$lBLL01$h0139
=SRC  \\$aEThOS$bethos_marc_111007.mrc
=STA  \\$aSUPPRESSED$bEThOS can't supply or embargoed

