=LDR  04239 am a22004937a 4500
=001  015923691
=003  Uk
=005  20111010153529.0
=006  m\\\\\\\\d\\\\\\\\
=007  cr\|||||||||||
=008  111010s2009\\\\xxk\\\\\sbm\\\000\0\eng\\
=040  \\$aUk$beng$cUk$dUk
=082  04$a620.43$223
=100  1\$aAnuar, Mohd Shamsul.
=245  14$aThe elastic relaxation during tabletting$h[electronic resource].
=260  \\$bImperial College, London,$c2009.
=300  \\$ap. :$bdigital, PDF file.
=336  \\$atext$2rdacontent
=337  \\$acomputer$2rdamedia
=338  \\$aonline resource$2rdacarrier
=502  \\$aThesis (Ph.D.)--Imperial College London, 2009.
=504  \\$aIncludes bibliographical references.
=520  3\$aThe process of pharmaceutical tabletting involves the application of stress onto the powdered drugingredients contained within a rigid die. This compaction process will cause the powder to densifyand form a tablet, which is then ejected from the die cavity. In reality, the tablet will incur someelastic strains during the compaction process and the tablet dimensional changes resulted due to theelastic relaxation of the tablet in the subsequent processing stages undermine the final tabletmechanical integrity. The ejection stage, where the tablet is extruded from the die, has not beenstudied extensively and is an important stage where any tabletting defects are immediately visible. It is then the purpose of this Thesis to experimentally elucidate the behaviour of the tablet elasticrelaxation and its influence on the tablet mechanical integrity during the ejection, the final stage ofthe compaction process. The Thesis starts with highlighting the existence of the tablet elastic relaxation during the ejectionstage that has been successfully studied on-line by the novel use of accurate laser sensors to recordthe tablet dimensional changes, with particular emphasis on the interrelationship of the tablet elasticrelaxation with the observed ejection force and the tabletting defects of the Paracetamol tablet. Theuse of a lubricated die has also been shown to reduce the tablet elastic relaxation and the tablettingdefects of the Paracetamol tablets. In terms of the time-dependent nature of the elastic relaxation,subtle time-dependent elastic relaxation behaviour has been observed and eludicated for the chosentime-dependent Starch material. A brief, but detailed and comprehensive material comparisonconsisting Aspirin, microcrystalline cellulose (Avicel) and Paracetamol is presented in terms of theelastic relaxation during the ejection stage. The observed tablet elastic relaxation is theninterrelated with the tablet strength, which is determined by an indirect tensile test (Brazilian) and adirect tensile test. Finally, the presence of a localized elastic relaxation occurring at the interface ofan Avicel bilayered tablet has been shown to undermine the strength of the bilayered tablet, wherethe extent of the interface weaknesses is clearly dependent upon the behaviour of the localizedelastic relaxation. In conclusion, the Thesis has successfully demonstrated and elucidated the tabletelastic relaxation behaviour during the ejection stage and the consequences on the final tabletmechanical integrity.
=536  \\$aSponsored by: Ministry of Higher Education Malaysia, Universiti Putra Malaysia
=538  \\$aMode of access: World Wide Web.
=710  2\$aImperial College, London.
=852  4\$aBritish Library$bDSC$cDRT$j513439
=856  40$uhttp://hdl.handle.net/10044/1/5465
=859  \\$aXLD$bEThOS
=CAT  \\$aETHOSBKLG$b00$c20111010$lBLL01$h1535
=CAT  \\$aETHOSBKLG$c20111010$lBLL01$h1607
=CAT  \\$aETHOSBKLG$c20111010$lBLL01$h1631
=CAT  \\$aBATCH$b00$c20111010$lBLL01$h1823
=CAT  \\$aBATCH-UPD$b00$c20121030$lBLL01$h1022
=CAT  \\$aWR13.117$c20130727$lBLL01$h2009
=CAT  \\$aWR13.144/5$c20140418$lBLL01$h1028
=CAT  \\$aBATCH-ETHO$b00$c20140502$lBLL01$h0139
=CAT  \\$aBATCH-ETH8$c20170506$lBLL01$h1041
=DRT  \\$aETHOS
=FIN  \\$aY$d20111010
=FMT  \\$a  BK
=LAS  \\$aBATCH-ETH8$b00$c20170506$lBLL01$h1041
=SRC  \\$aEThOS$bethos_marc_111007.mrc
=STA  \\$aSUPPRESSED$bEThOS can't supply or embargoed

