=LDR  03362 am a22004937a 4500
=001  015923692
=003  Uk
=005  20111010153529.0
=006  m\\\\\\\\d\\\\\\\\
=007  cr\|||||||||||
=008  111010s2009\\\\xxk\\\\\sbm\\\000\0\eng\\
=040  \\$aUk$beng$cUk$dUk
=082  04$a535$223
=100  1\$aCrick, Daniel R.
=245  10$aManipulation of Ca+ ions in Penning traps$h[electronic resource].
=260  \\$bImperial College, London,$c2009.
=300  \\$ap. :$bdigital, PDF file.
=336  \\$atext$2rdacontent
=337  \\$acomputer$2rdamedia
=338  \\$aonline resource$2rdacarrier
=502  \\$aThesis (Ph.D.)--Imperial College London (University of London), 2009.
=504  \\$aIncludes bibliographical references.
=520  3\$aThe long term aim of this work is to study the suitability of using laser cooled Ca+ ions in Penning traps as the basic components of a quantum computer. A great deal of progress in the field of quantum computing has been made in recent years with laser cooled ions stored in radio frequency ion traps. Building a useful quantum computer with trapped ions is however extremely challenging. Penning traps offer some possible benefits over radio frequency traps. They also create some additional difficulties. The potential advantages and disadvantages of Penning traps are discussed throughout the thesis. We show that we are able to overcome the problems associated with laser cooling in Penning traps, and have trapped single ions for extended periods of time. Pairs of Ca+ ions have been aligned along the axis of a Penning trap, and have been optically resolved. A novel Penning trap array based on PCB boards has been developed. A prototype was built and tested, along with the electronics required to shuttle ions between different sub-traps. Ions have been shuttled a distance of 10 mmin 2.5 μs. A return trip efficiency of up to 75% was seen. A quantum effect - J-state mixing caused by large magnetic fields - has been observed for the first time in single atomic ions. The magnetic field causes a forbidden [Delta]J = 2 transition to become weakly allowed. This effectis of general interest in atomic physics, and is also very relevant for quantumcomputation studies. A quantitative prediction of the magnitude of the J-mixing effect has been derived theoretically. This is compared to experimental data, and is found to be in excellent qualitative and good quantitative agreement.
=536  \\$aSponsored by: SCALA
=538  \\$aMode of access: World Wide Web.
=710  2\$aImperial College, London.
=852  4\$aBritish Library$bDSC$cDRT$j513440
=856  40$uhttp://hdl.handle.net/10044/1/5467
=859  \\$aXLD$bEThOS
=CAT  \\$aETHOSBKLG$b00$c20111010$lBLL01$h1535
=CAT  \\$aETHOSBKLG$c20111010$lBLL01$h1607
=CAT  \\$aETHOSBKLG$c20111010$lBLL01$h1631
=CAT  \\$aBATCH$b00$c20111010$lBLL01$h1823
=CAT  \\$aBATCH-UPD$b00$c20121030$lBLL01$h1022
=CAT  \\$aWR13.117$c20130727$lBLL01$h2009
=CAT  \\$aWR13.144/5$c20140418$lBLL01$h1028
=CAT  \\$aBATCH-ETHO$b00$c20150802$lBLL01$h0151
=CAT  \\$aBATCH-ETH8$c20170506$lBLL01$h1041
=DRT  \\$aETHOS
=FIN  \\$aY$d20111010
=FMT  \\$a  BK
=LAS  \\$aBATCH-ETH8$b00$c20170506$lBLL01$h1041
=SRC  \\$aEThOS$bethos_marc_111007.mrc
=STA  \\$aSUPPRESSED$bEThOS can't supply or embargoed

