=LDR  03972 am a22005057a 4500
=001  015923693
=003  Uk
=005  20111010153529.0
=006  m\\\\\\\\d\\\\\\\\
=007  cr\|||||||||||
=008  111010s2009\\\\xxk\\\\\sbm\\\000\0\eng\\
=040  \\$aUk$beng$cUk$dUk
=082  04$a621.31$223
=100  10$aSingh, Ravindra.
=245  10$aState Estimation in Power Distribution Network Operation$h[electronic resource].
=260  \\$bImperial College, London,$c2009.
=300  \\$ap. :$bdigital, PDF file.
=336  \\$atext$2rdacontent
=337  \\$acomputer$2rdamedia
=338  \\$aonline resource$2rdacarrier
=502  \\$aThesis (Ph.D.)--Imperial College London (University of London), 2009.
=504  \\$aIncludes bibliographical references.
=520  3\$aThe majority of power distribution networks were planned, designed and built asa passive but reliable link between the bulk power transmission point and the in-dividual customer. Enough latent capacity in cables and lines to accommodateanticipated demand growth was allowed and so the system was left unmonitored. Following the signicant development in business regulation, technology evolutionsand various government policies towards low carbon renewable generation, it hasbecome necessary to operate the distribution systems efficiently and in a controlledmanner. This obviously needs state estimation for network control functions. Stateestimation is the core function of any energy management system in transmissionnetworks. However little emphasis have been given to the distribution system stateestimation, mainly due to the absence of adequate network measurements and alsolack of rigorous methodology and tools that could be applied on restricted measure-ments. The scarcity of measured information offers formidable challenge to the stateestimator to provide reasonably meaningful estimates of the system states. Thisintroduces bottlenecks in carrying out a range of substation and feeder automa-tion tasks that rely on the quality of the state estimator and opens up many issueslike modelling of demand, identification of suitable estimator and placement of newmeasurements etc. This thesis attempts to address these issues. Thus, the objec-tives of this research are to model the demand as pseudo measurement, identify thestate estimation methodology to suite the distribution scenarios and find the effec-tive locations for placing measurements for improving the quality of the estimatedquantities. The thesis discusses in detail the criterion for identifying suitable solversfor the distribution system state estimation and stochastic optimisation methods tomodel the demand. It also discusses a probabilistic technique for identifying effective locations for measurement placement. The robustness of the state estimationalgorithm against changes in network topology has been addressed in a statisticalframework. All the concepts have been demonstrated on 12-bus radial and 95-busUKGDS network models.
=536  \\$aSponsored by: EDF Energy Networks UK
=538  \\$aMode of access: World Wide Web.
=710  2\$aImperial College, London.
=852  4\$aBritish Library$bDSC$cDRT$j513441
=856  40$uhttp://hdl.handle.net/10044/1/5468
=859  \\$aXLD$bEThOS
=CAT  \\$aETHOSBKLG$b00$c20111010$lBLL01$h1535
=CAT  \\$aETHOSBKLG$c20111010$lBLL01$h1607
=CAT  \\$aETHOSBKLG$c20111010$lBLL01$h1631
=CAT  \\$aBATCH$b00$c20111010$lBLL01$h1823
=CAT  \\$aBATCH-UPD$b00$c20121030$lBLL01$h1022
=CAT  \\$aWR13.117$c20130727$lBLL01$h2009
=CAT  \\$aWR13.144/5$c20140418$lBLL01$h1028
=CAT  \\$aBATCH-ETHO$b00$c20140502$lBLL01$h0139
=CAT  \\$aBATCH-ETH8$c20170506$lBLL01$h1041
=CAT  \\$aBATCH-UPD$b00$c20170506$lBLL01$h1137
=DRT  \\$aETHOS
=FIN  \\$aY$d20111010
=FMT  \\$a  BK
=LAS  \\$aBATCH-UPD$b00$c20170506$lBLL01$h1137
=SRC  \\$aEThOS$bethos_marc_111007.mrc
=STA  \\$aSUPPRESSED$bEThOS can't supply or embargoed

