=LDR  03834 am a22004937a 4500
=001  015923694
=003  Uk
=005  20111010153529.0
=006  m\\\\\\\\d\\\\\\\\
=007  cr\|||||||||||
=008  111010s2009\\\\xxk\\\\\sbm\\\000\0\eng\\
=040  \\$aUk$beng$cUk
=082  04$a616.1$223
=100  1\$aLu, Han.
=245  10$aCharacterisation of microRNAs in the heart$h[electronic resource].
=260  \\$bImperial College, London,$c2009.
=300  \\$ap. :$bdigital, PDF file.
=336  \\$atext$2rdacontent
=337  \\$acomputer$2rdamedia
=338  \\$aonline resource$2rdacarrier
=502  \\$aThesis (Ph.D.)--Imperial, College London, 2009.
=504  \\$aIncludes bibliographical references.
=520  3\$aMicroRNAs (miRNAs) are endogenous, non-coding RNA species that regulate geneexpression at the post-transcriptional level. Recent studies have shown that miRNAs areimportant for cardiac hypertrophy and heart failure, and are critical determinants oftissue metabolism. To investigate the role(s) of miRNAs in the insulin resistant heart, left ventricular biopsies were collected from patients with normal ventricular function with or without type 2 diabetes, and patients with left ventricular dysfunction (LVD). Using TaqMan based reverse transcriptase PCR, quantitative expression levels of 155 mature miRNAs in normal and diabetic hearts were determined. Five miRNAs were significantly upregulated in the diabetic human heart. Among these, miR-223 was upregulated in both diabetic heart and patients with LVD. Adenoviral-mediated over expression of miR-223 increased baseline glucose uptake in cardiac myocytes in vitro with an effect size similar to that observed for insulin stimulation. This increase was associated with increase in Glut4 protein expression but independent of PI3K/Akt signalling and AMPK activity. In contrast to findings in other cells, in cardiac myocytes miR-223 did not downregulate protein levels of Mef2c or Igf1r, and an unexpected increase in NfIaprotein was observed, where all three genes are miR-223 targets in immune cells. Systemic inhibition of miR-223 in vivo decreased blood glucose level 48 hours after administration and increased Glut4 protein level in the skeletal muscle, however Glut4levels were decreased in the heart. Cardiac-specific transgenic mice overexpressing miR-223 showed no detectable changes in Glut4 protein level and cardiac insulin signalling at baseline. Collectively, these data characterise the expression of miRNAs in the human heart, demonstrate that miRNAs regulate gene targets in a cell/tissue type specific manner, they can unexpectedly increase protein expression in cardiac myocytes, and miR-223 regulates cardiac glucose metabolism through a non-canonical pathway, which may have implications for future investigations and treatment of insulin resistance.
=536  \\$aSponsored by: Department of Health, Medical Research Council, British Heart Foundation
=538  \\$aMode of access: World Wide Web.
=710  2\$aImperial College, London.
=852  4\$aBritish Library$bDSC$cDRT$j513442
=856  40$uhttp://hdl.handle.net/10044/1/5469
=859  \\$aXLD$bEThOS
=CAT  \\$aETHOSBKLG$b00$c20111010$lBLL01$h1535
=CAT  \\$aETHOSBKLG$c20111010$lBLL01$h1607
=CAT  \\$aETHOSBKLG$c20111010$lBLL01$h1631
=CAT  \\$aBATCH$b00$c20111010$lBLL01$h1823
=CAT  \\$aBATCH-UPD$b00$c20121030$lBLL01$h1022
=CAT  \\$aWR13.117$c20130727$lBLL01$h2009
=CAT  \\$aWR13.144/5$c20140418$lBLL01$h1028
=CAT  \\$aBATCH-ETHO$b00$c20140502$lBLL01$h0139
=CAT  \\$aBATCH-ETH8$c20170506$lBLL01$h1041
=DRT  \\$aETHOS
=FIN  \\$aY$d20111010
=FMT  \\$a  BK
=LAS  \\$aBATCH-ETH8$b00$c20170506$lBLL01$h1041
=SRC  \\$aEThOS$bethos_marc_111007.mrc
=STA  \\$aSUPPRESSED$bEThOS can't supply or embargoed

