=LDR  03502 am a22004817a 4500
=001  015923695
=003  Uk
=005  20111010153529.0
=006  m\\\\\\\\d\\\\\\\\
=007  cr\|||||||||||
=008  111010s2009\\\\xxk\\\\\sbm\\\000\0\eng\\
=040  \\$aUk$beng$cUk$dUk
=082  04$a530.44$223
=100  1\$aBacharis, Minas.
=245  10$aTheoretical Study of Dust in RF Discharges and Tokamak Plasmas$h[electronic resource].
=260  \\$bImperial College, London,$c2009.
=300  \\$ap. :$bdigital, PDF file.
=336  \\$atext$2rdacontent
=337  \\$acomputer$2rdamedia
=338  \\$aonline resource$2rdacarrier
=502  \\$aThesis (Ph.D.)--Imperial College London (University of London), 2009.
=504  \\$aIncludes bibliographical references.
=520  3\$aDusty plasma systems are common in all aspects of plasma physics, from space, toour Earth s atmosphere, to low temperature discharges and fusion devices. In thiswork the basic plasma dust interactions are studied, with the main focus being onRF discharges and tokamak plasmas. One very important physical characteristic ofa dust grain immersed in a plasma environment, which plays a central role in thestudy of its dynamical behaviour, is its charge. It determines the ion and electronfluxes on the dust and through that, one can calculate the forces exerted on the solidparticle and the energy fluxes onto it. In this work an overview of the basic chargingtheory used in dusty plasma, the Orbital Motion Limited (OML) approach, will bepresented, and its implications will be studied in the context of RF discharges andtokamak plasmas. In the case of RF discharges, modifications of the OML approachwill be explored for the accommodation of time varying phenomena. This will havetwo directions. The first, concerning the presence of time varying electric fields in auniform plasma background and the second, the presence of different forms of timedependent current carrying electron distributions. In the tokamak case, the workis focused on the modelling of the dynamical behaviour of dust particles in a tokamakplasma environment. An improved version of the existing Dust in TOKamakS(DTOKS) code has been developed. Results for the Mega Amp Spherical Tokamak(MAST) and ITER are presented, as well as an assessment of the importance of thevarious aspects of the physical model from the plasma background, the dust graincharge, the forces on the particle and the dust heating model. Furthermore, the firstbasic comparison between DTOKS and the DUST Transport (DUSTT) code, theonly other similar code available at the moment, is being presented.
=538  \\$aMode of access: World Wide Web.
=710  2\$aImperial College, London.
=852  4\$aBritish Library$bDSC$cDRT$j513443
=856  40$uhttp://hdl.handle.net/10044/1/5470
=859  \\$aXLD$bEThOS
=CAT  \\$aETHOSBKLG$b00$c20111010$lBLL01$h1535
=CAT  \\$aETHOSBKLG$c20111010$lBLL01$h1607
=CAT  \\$aETHOSBKLG$c20111010$lBLL01$h1631
=CAT  \\$aBATCH$b00$c20111010$lBLL01$h1823
=CAT  \\$aBATCH-UPD$b00$c20121030$lBLL01$h1022
=CAT  \\$aWR13.117$c20130727$lBLL01$h2009
=CAT  \\$aWR13.144/5$c20140418$lBLL01$h1028
=CAT  \\$aBATCH-ETHO$b00$c20140502$lBLL01$h0139
=CAT  \\$aBATCH-ETH8$c20170506$lBLL01$h1041
=DRT  \\$aETHOS
=FIN  \\$aY$d20111010
=FMT  \\$a  BK
=LAS  \\$aBATCH-ETH8$b00$c20170506$lBLL01$h1041
=SRC  \\$aEThOS$bethos_marc_111007.mrc
=STA  \\$aSUPPRESSED$bEThOS can't supply or embargoed

