=LDR  03791 am a22004937a 4500
=001  015923696
=003  Uk
=005  20111010153530.0
=006  m\\\\\\\\d\\\\\\\\
=007  cr\|||||||||||
=008  111010s2009\\\\xxk\\\\\sbm\\\000\0\eng\\
=040  \\$aUk$beng$cUk$dUk
=082  04$a616.9$223
=100  1\$aLai, Pei-Jen.
=245  10$aHIV-1 neutralisation and other aspects of the envelope glycoprotein$h[electronic resource].
=260  \\$bImperial College, London,$c2009.
=300  \\$ap. :$bdigital, PDF file.
=336  \\$atext$2rdacontent
=337  \\$acomputer$2rdamedia
=338  \\$aonline resource$2rdacarrier
=502  \\$aThesis (Ph.D.)--Imperial College, London, 2009.
=504  \\$aIncludes bibliographical references.
=520  3\$aThe absence of an effective humoral response contributes to the failure of controlling HIV-1 infection. Methods to elicit a potent neutralising antibody response is still underway and this thesis explores three aspects that can affect neutralisation. The pseudovirus-based assay is now recommended as the standard assay for assessing neutralising antibody response. However, recent studies have reported discrepancies between pseduovirus-based assay and conventional PBMCs or other cell-based assays. The first aim is to investigate possible causes behind this difference. The effect of virus producer cell type and virus platform (pseudovirus vs. replication-competent) was examined and both parameters can affect neutralisation. The second aim was to study the the neutralising antibody response in patients with primary HIV-1 infection. A panel of 6 patients were selected from the SPARTAC clinical trial. Pseudoviruses were constructed with the env gene derived from patient samples at week 0 (baseline) and week 52. The evolutionary history and the neutralisation sensitivity of these primary isolates against a panel of broadly neutralising antibodies and heterologous and autologous sera were studied. The week 52 isolates escaped from antisera neutralisation rapidly, most likely at the glycan level. In addition, viral load was found to correlate directly with intra-patient viral diversity and evolutionary divergence over time. Finally, the effect of Nef on HIV-1 neutralisation was investigated. Recent reports suggest that Nef modifies HIV-1 envelope glycoprotein. Hence, neutralising antibody response might also be modified in the absence of Nef. When subjected to neutralisation with a panel of monoclonal antibodies, the Nef-deleted (ΔNef) HIV-1 was more readily neutralised than the wild-type (WT) virus. Immunoprecipitation assays showed that neutralising antibodies can capture ΔNef virus more efficiently than WT virus. However, the enhanced neutralisation of ΔNef virus was neither due to CD4-down regulation nor difference in glycosylation.
=536  \\$aSponsored by: Overseas Research Students Awards Scheme, Wellcome Trust
=538  \\$aMode of access: World Wide Web.
=710  2\$aImperial College, London.
=852  4\$aBritish Library$bDSC$cDRT$j513444
=856  40$uhttp://hdl.handle.net/10044/1/5472
=859  \\$aXLD$bEThOS
=CAT  \\$aETHOSBKLG$b00$c20111010$lBLL01$h1535
=CAT  \\$aETHOSBKLG$c20111010$lBLL01$h1607
=CAT  \\$aETHOSBKLG$c20111010$lBLL01$h1631
=CAT  \\$aBATCH$b00$c20111010$lBLL01$h1823
=CAT  \\$aBATCH-UPD$b00$c20121030$lBLL01$h1022
=CAT  \\$aWR13.117$c20130727$lBLL01$h2009
=CAT  \\$aWR13.144/5$c20140418$lBLL01$h1028
=CAT  \\$aBATCH-ETHO$b00$c20140502$lBLL01$h0139
=CAT  \\$aBATCH-ETH8$c20170506$lBLL01$h1041
=DRT  \\$aETHOS
=FIN  \\$aY$d20111010
=FMT  \\$a  BK
=LAS  \\$aBATCH-ETH8$b00$c20170506$lBLL01$h1041
=SRC  \\$aEThOS$bethos_marc_111007.mrc
=STA  \\$aSUPPRESSED$bEThOS can't supply or embargoed

