=LDR  04282 am a22004817a 4500
=001  015923697
=003  Uk
=005  20111010153530.0
=006  m\\\\\\\\d\\\\\\\\
=007  cr\|||||||||||
=008  111010s2009\\\\xxk\\\\\sbm\\\000\0\eng\\
=040  \\$aUk$beng$cUk
=082  04$a612$223
=100  1\$aJawad, Hedeer Zuhair.
=245  10$aDevelopment and characterisation of elastomeric block copolymeric substrates for myocardial tissue engineering using embryonic stem cell derived cardiomyocytes$h[electronic resource].
=260  \\$bImperial College London (University of London),$c2009.
=300  \\$ap. :$bdigital, PDF file.
=336  \\$atext$2rdacontent
=337  \\$acomputer$2rdamedia
=338  \\$aonline resource$2rdacarrier
=502  \\$aThesis (Ph.D.)--Imperial College, London, 2009.
=504  \\$aIncludes bibliographical references.
=520  3\$aCardiac patches comprised of embryonic stem cell derived cardiomyocytes (ESC-CMs) attached to biodegradable polymeric substrates were developed for patients suffering from heart attacks. Cardiomyocytes were derived from mouse and human embryonic stem cell (ESC). Thermoplastic elastomeric (TPE) block co-polymers poly(ethyleneterephthalate)/dilionic acid (PET/DLA), a relatively slow degrading biomaterial, served as substrates to deliver cardiomyocytes and to further support the myocardium after an infarct. Additionally, titanium dioxide (TiO₂) nanoparticles (NPs) (mean size 23 nm),were incorporated in the PET/DLA polymer in a concentration of 0.2wt%. Results showed TiO2 NPs to effect polymer mechanical properties, increasing material stiffness and tensile strength. The surface roughness and hydrophilicity of the biomaterial also increased upon addition of TiO₂ NPs. It was found that 0.2wt% TiO₂ NP addition enhanced cellular adhesion, spread and proliferation. A fibroblastic cell line, used to test proliferation, proliferated on both biomaterials with and without pre-gelatin coating. Lactate dehydrogenase (LDH) release into culture media, used as a marker of cell death did not differ significantly between biomaterials and tissue culture plastic (TCP). The cytotoxicity of TiO₂ NPs on adult cardiomyocytes, hESC-CMs and fibroblasts was also investigated at various concentrations (0-150 ppm) chosen based on their relevance for the intended application of the biomaterial. At 10 ppm the particles had no significant acute effect on cardiac contractility of either adult rat heart cells or hESC-CM. However, functional activity was significantly reduced, in terms of beating rate, over longer culture periods (4h). Further improvements were carried out to enhance the properties of the patch. The investigation included: i) lactide addition to the polymer to increase polymer degradation rate and ii) topographical surface changes introduced by aphase separation micromoulding technique (PS-M). Newly developed biomaterial was faster degrading (as measured by biomaterial % weight loss) and simultaneously encouraged fibroblast proliferation. Finally the biomaterials have been investigated ex vivo and in vivo by collaborators at NHLI (Imperial College London). The results have confirmed that the developed biomaterials in conjunction with cardiomyocytes from ESCs are promising for applications in myocardial tissue engineering (MTE) strategies with no adverse effect on cardiac functionality detected.
=538  \\$aMode of access: World Wide Web.
=710  2\$aImperial College, London.
=852  4\$aBritish Library$bDSC$cDRT$j513445
=856  40$uhttp://hdl.handle.net/10044/1/5473
=859  \\$aXLD$bEThOS
=CAT  \\$aETHOSBKLG$b00$c20111010$lBLL01$h1535
=CAT  \\$aETHOSBKLG$c20111010$lBLL01$h1607
=CAT  \\$aETHOSBKLG$c20111010$lBLL01$h1631
=CAT  \\$aBATCH$b00$c20111010$lBLL01$h1823
=CAT  \\$aBATCH-UPD$b00$c20121030$lBLL01$h1022
=CAT  \\$aWR13.117$c20130727$lBLL01$h2009
=CAT  \\$aWR13.144/5$c20140418$lBLL01$h1028
=CAT  \\$aBATCH-ETHO$b00$c20140502$lBLL01$h0139
=CAT  \\$aBATCH-ETH8$c20170506$lBLL01$h1041
=DRT  \\$aETHOS
=FIN  \\$aY$d20111010
=FMT  \\$a  BK
=LAS  \\$aBATCH-ETH8$b00$c20170506$lBLL01$h1041
=SRC  \\$aEThOS$bethos_marc_111007.mrc
=STA  \\$aSUPPRESSED$bEThOS can't supply or embargoed

