=LDR  03868 am a22004817a 4500
=001  015923698
=003  Uk
=005  20111010153530.0
=006  m\\\\\\\\d\\\\\\\\
=007  cr\|||||||||||
=008  101031s2009\\\\xxk\\\\\sbm\\\000\0\eng\\
=040  \\$aUk$beng$cUk
=082  04$a616.079$223
=100  1\$aKhan, Adnan.
=245  10$aModification of dendritic cells for the induction of tolerance$h[electronic resource].
=260  \\$bImperial College London,$c2009.
=300  \\$ap. :$bdigital, PDF file.
=336  \\$atext$2rdacontent
=337  \\$acomputer$2rdamedia
=338  \\$aonline resource$2rdacarrier
=502  \\$aThesis (Ph.D.)--Imperial College London, 2009.
=504  \\$aIncludes bibliographical references.
=520  3\$aAllogeneic T cell stimulation requires not only antigen-specific signals but also costimulatory signals, most importantly between CD80/86 on the antigen presenting cell and CD28 or CTLA4 on the T cell. Engagement of the T cell receptor without costimulation can lead to anergy and the subsequent induction of regulatory T cells (Tregs). T cell activation is also controlled by dendritic cell (DC) expression of the tryptophan-catabolising, immunomodulatory enzyme indoleamine 2,3-dioxygenase(IDO). Depletion of this essential amino acid, and/or the production of tryptophanmetabolites (kynurenines) inhibits T cell proliferation. With the aim of generating tolerogenic DCs for the induction of donor-specific transplantation tolerance, lentiviral vectors were used in this study for gene transfer into murine DCs. Firstly, an intracellular approach that prevents costimulation was developed: a fusion protein- CTLA4-KDEL- consisting of the extracellular domain of CTLA4 and the KDEL peptide [an endoplasmic reticulum (ER) retention signal] was expressed in DCs and prevented surface CD80/86 expression due to ER retention. A second approach used in the study involved the lentiviral gene transfer of IDO into DCs. The induction of donor-specific tolerance (mediated by Tregs with direct and indirect pathway allospecificity) was demonstrated, both in vitro and in vivo, using CTLA4-KDEL-expressing DCs. Linked suppression was observed and mediated by donor-specific Tregs. Although IDO-expressing DCs did not induce and/or sustain allogeneic T cell proliferation, this anergy lacked donor specificity. It was demonstrated that IDO+CD80/86+ DCs fail to induce and/or expand FoxP3+CTLA4+ Treg populations. Furthermore, IDO+CD80/86- DCs failed to sustain pre-induced populations of FoxP3+CTLA4+ Tregs (associated with a high rate of cell death). The capacity of CTLA4-KDEL- and IDO-expressing DCs to induce tolerance to allografts was investigated using a murine corneal allograft model, and administration of CTLA4-KDEL-expressing DCs prevented allograft rejection. The study demonstrates the clinical potential of CTLA4-KDEL-expressing DCs to induce Treg-mediated,donor-specific transplantation tolerance.
=536  \\$aSponsored by: Roche Organ Transplantation Research Foundation (ROTRF)
=538  \\$aMode of access: World Wide Web.
=710  2\$aImperial College, London.
=852  4\$aBritish Library$bDSC$cDRT$j513446
=856  40$uhttp://hdl.handle.net/10044/1/5474
=859  \\$aXLD$bEThOS
=CAT  \\$aETHOSBKLG$b00$c20111010$lBLL01$h1535
=CAT  \\$aETHOSBKLG$c20111010$lBLL01$h1607
=CAT  \\$aETHOSBKLG$c20111010$lBLL01$h1631
=CAT  \\$aBATCH$b00$c20111010$lBLL01$h1823
=CAT  \\$aBATCH-UPD$b00$c20121030$lBLL01$h1022
=CAT  \\$aWR13.117$c20130727$lBLL01$h2009
=CAT  \\$aWR13.144/5$c20140418$lBLL01$h1028
=CAT  \\$aBATCH-ETHO$b00$c20140502$lBLL01$h0139
=DRT  \\$aETHOS
=FIN  \\$aY$d20111010
=FMT  \\$a  BK
=LAS  \\$aBATCH-ETHO$b00$c20140502$lBLL01$h0139
=SRC  \\$aEThOS$bethos_marc_111007.mrc
=STA  \\$aSUPPRESSED$bEThOS can't supply or embargoed

