=LDR  03759 am a22004937a 4500
=001  015923700
=003  Uk
=005  20111010153530.0
=006  m\\\\\\\\d\\\\\\\\
=007  cr\|||||||||||
=008  111010s2009\\\\xxk\\\\\sbm\\\000\0\eng\\
=040  \\$aUk$beng$cUk
=082  04$a572.8$223
=100  1\$aChan, Elcie.
=245  10$aCharacterisation of microRNAs in human stem cells$h[electronic resource].
=260  \\$bImperial College, London,$c2009.
=300  \\$ap. :$bdigital, PDF file.
=336  \\$atext$2rdacontent
=337  \\$acomputer$2rdamedia
=338  \\$aonline resource$2rdacarrier
=502  \\$aThesis (Ph.D.)--Imperial College, London, 2009.
=504  \\$aIncludes bibliographical references.
=520  3\$aIn collaboration with David Baulcombe and Attila Molnar we have generated microRNA libraries for human embryonic stem cells (hESCs) before and after differentiation along the neuronal lineage and also from human mesenchymal stem cells (hMSCs). Both cell types are of medical importance and understanding how their proliferation and differentiation is regulated by microRNAs is also of scientific interest. The hMSC library was sequenced by 454 technology and the two subsequent hESC libraries by Solexa sequencing. Approximately a quarter of all currently known microRNAs were identified between the libraries, in addition to 3 novel microRNAs and 25 annotated piRNAs. For the hESC libraries, we verified the presence of embryonic specific microRNAs (miR-302 family) and neuronal specific microRNAs (miR-9/miR-9*), and demonstrated that expression of these miRNAs is regulated at the transcriptional level. Additionally, promoter assessments of miR-9 transcription revealed that multiple upstream regions may be important in neuronal specific expression. Almost half of all known human microRNAs are located within the introns of host genes. We used microarrays to analyse host gene expression and found that there was little correlation with microRNA expression, indicating that many microRNAs are not regulated at the transcriptional level by their host promoter. Furthermore, the expression of microRNAs from the same cluster, and also from the same hairpin precursor, did not always correlate when compared between the stem cell libraries. Taken together, this data indicates that microRNAs are regulated at a variety of levels both pre- and post-transcriptionally. Many microRNA isomers were also detected that differed in expression between human cell types, and upon differentiation of the hMSCs through the osteoblastic lineage. Interestingly, microRNAs and some of their isomers showed different affinities for Argonaute proteins in pulldown assays. We also profiled mRNAs that were immunoprecipitated with Argonaute in order to identify miRNA targets.
=536  \\$aSponsored by: BBSRC, Institute of Obstetrics and Gynaecology Trust
=538  \\$aMode of access: World Wide Web.
=710  2\$aImperial College, London.
=852  4\$aBritish Library$bDSC$cDRT$j513448
=856  40$uhttp://hdl.handle.net/10044/1/5476
=859  \\$aXLD$bEThOS
=CAT  \\$aETHOSBKLG$b00$c20111010$lBLL01$h1535
=CAT  \\$aETHOSBKLG$c20111010$lBLL01$h1607
=CAT  \\$aETHOSBKLG$c20111010$lBLL01$h1631
=CAT  \\$aBATCH$b00$c20111010$lBLL01$h1823
=CAT  \\$aBATCH-UPD$b00$c20121030$lBLL01$h1022
=CAT  \\$aWR13.117$c20130727$lBLL01$h2009
=CAT  \\$aWR13.144/5$c20140418$lBLL01$h1028
=CAT  \\$aBATCH-ETHO$b00$c20140502$lBLL01$h0139
=CAT  \\$aBATCH-ETH8$c20170506$lBLL01$h1041
=DRT  \\$aETHOS
=FIN  \\$aY$d20111010
=FMT  \\$a  BK
=LAS  \\$aBATCH-ETH8$b00$c20170506$lBLL01$h1041
=SRC  \\$aEThOS$bethos_marc_111007.mrc
=STA  \\$aSUPPRESSED$bEThOS can't supply or embargoed

