=LDR  03773 am a22004937i 4500
=001  015923701
=003  Uk
=005  20111010153530.0
=006  m\\\\\\\\d\\\\\\\\
=007  cr\|||||||||||
=008  111010s2009\\\\xxk\\\\\sbm\\\000\0\eng\\
=040  \\$aUk$beng$cUk$dUk
=082  14$a621$215
=100  1\$aFloyd, Jeremy.
=245  10$aComputed Tomography of Chemiluminescence$h[electronic resource] :$bA 3D Time Resolved Sensor for Turbulent Combustion.
=260  \\$bImperial College, London,$c2009.
=300  \\$ap. :$bdigital, PDF file.
=336  \\$atext$2rdacontent
=337  \\$acomputer$2rdamedia
=338  \\$aonline resource$2rdacarrier
=502  \\$aThesis (Ph.D.)--Imperial College London, 2009.
=504  \\$aIncludes bibliographical references.
=520  3\$aTime resolved 3D measurements of turbulent flames are required to further understandingof combustion and support advanced simulation techniques (LES). Computed Tomographyof Chemiluminescence (CTC) allows a flame's 3D chemiluminescence profile to beobtained by inverting a series of integral measurements. CTC provides the instantaneous3D flame structure, and can also measure: excited species concentrations, equivalenceratio, heat release rate, and possibly strain rate. High resolutions require simultaneousmeasurements from many view points, and the cost of multiple sensors has traditionallylimited spatial resolutions. However, recent improvements in commodity cameras makesa high resolution CTC sensor possible and is investigated in this work. Using realistic LES Phantoms (known fields), the CT algorithm (ART) is shown toproduce low error reconstructions even from limited noisy datasets. Error from selfabsorptionis also tested using LES Phantoms and a modification to ART that successfullycorrects this error is presented. A proof-of-concept experiment using 48 non-simultaneousviews is performed and successfully resolves a Matrix Burner flame to 0.01% of the domainwidth (D). ART is also extended to 3D (without stacking) to allow 3D cameralocations and optical effects to be considered. An optical integral geometry (weighteddouble-cone) is presented that corrects for limited depth-of-field, and (even with poorlyestimated camera parameters) reconstructs the Matrix Burner as well as the standard geometry. CTC is implemented using five PicSight P32M cameras and mirrors to provide 10simultaneous views. Measurements of the Matrix Burner and a Turbulent Opposed Jetachieve exposure times as low as 62 μs, with even shorter exposures possible. With only10 views the spatial resolution of the reconstructions is low. However, a cosine Phantomstudy shows that 20-40 viewing angles are necessary to achieve high resolutions (0.01-0.04D). With 40 P32M cameras costing £40000, future CTC implementations can achievehigh spatial and temporal resolutions.
=536  \\$aSponsored by: EPSRC DTA award
=538  \\$aMode of access: World Wide Web.
=710  2\$aImperial College, London.
=852  4\$aBritish Library$bDSC$cDRT$j513449
=856  40$uhttp://hdl.handle.net/10044/1/5477
=859  \\$aXLD$bEThOS
=CAT  \\$aETHOSBKLG$b00$c20111010$lBLL01$h1535
=CAT  \\$aETHOSBKLG$c20111010$lBLL01$h1607
=CAT  \\$aETHOSBKLG$c20111010$lBLL01$h1631
=CAT  \\$aBATCH$b00$c20111010$lBLL01$h1823
=CAT  \\$aBATCH-UPD$b00$c20121030$lBLL01$h1022
=CAT  \\$aWR13.117$c20130727$lBLL01$h2009
=CAT  \\$aWR13.144/5$c20140418$lBLL01$h1028
=CAT  \\$aBATCH-ETHO$b00$c20160102$lBLL01$h0143
=CAT  \\$aBATCH-ETH8$c20170506$lBLL01$h1041
=DRT  \\$aETHOS
=FIN  \\$aY$d20111010
=FMT  \\$a  BK
=LAS  \\$aBATCH-ETH8$b00$c20170506$lBLL01$h1041
=SRC  \\$aEThOS$bethos_marc_111007.mrc
=STA  \\$aSUPPRESSED$bEThOS can't supply or embargoed

