=LDR  03803 am a22004937a 4500
=001  015923702
=003  Uk
=005  20111010153530.0
=006  m\\\\\\\\d\\\\\\\\
=007  cr\|||||||||||
=008  111010s2009\\\\xxk\\\\\sbm\\\000\0\eng\\
=040  \\$aUk$beng$cUk$dUk
=082  04$a666$223
=100  1\$aSingh, Randhir.
=245  12$aA Novel Ceramic Precursor Route for the Direct Production of Hierarchically Structured Titanium Alloy Foams$h[electronic resource].
=260  \\$bImperial College, London,$c2009.
=300  \\$ap. :$bdigital, PDF file.
=336  \\$atext$2rdacontent
=337  \\$acomputer$2rdamedia
=338  \\$aonline resource$2rdacarrier
=502  \\$aThesis (Ph.D.)--Imperial College London, 2009.
=504  \\$aIncludes bibliographical references.
=520  3\$aTitanium alloys find extensive use in the biomedical field, including applications in theform of a porous structure as a scaffold material for bone repair. Scaffold materials havedemanding mechanical and biocompatibility requirements, which vary depending on theorthopaedic application. These requirements are determined by both the porousmacrostructure of the foams and the strut wall microstructure. Therefore techniques areneeded to characterise these structural features and relate them to the mechanical andphysical properties. In this thesis new methods were developed to both manufacturetitanium alloy foams and characterise them. Non- destructive X-ray micro-computed tomography (μCT) methods were employed tocharacterise the pore and interconnect size. The pore and interconnect size dominates theflow properties (permeability) of open-foam structures. Thus, μCT data was meshed andcomputational fluid dynamics analysis was performed to predict permeability. Directfinite element modelling, continuum micromechanics and analytical models of the foamwere employed to characterise the elasto-plastic deformation behaviour. Pore anisotropywas quantified and related to the yield stress anisotropy, allowing identification of initialpore collapse. These results were validated against experimental measurements. Finally, the conventional production method of porous titanium is achieved through acostly multi-step powder metallurgical (PM) route. A new, potentially low cost, methodwas developed to produce porous titanium with properties similar or better than theexisting titanium foam from a ceramic precursor via an electrochemical route. Two stepswere involved: (1) preparing the ceramic precursor foam via a gel-casting route; and (2)reducing the oxide electrochemically via the FFC (Fray, Farthing and Chen) Cambridgeprocess. The results of this preliminary study are very promising, with the foamsproduced via this method demonstrating mechanical and physical properties comparableto conventionally manufactured foams.
=536  \\$aSponsored by: EC (Commission of European Communities) Marie-Curie Fellowship
=538  \\$aMode of access: World Wide Web.
=710  2\$aImperial College, London.
=852  4\$aBritish Library$bDSC$cDRT$j513450
=856  40$uhttp://hdl.handle.net/10044/1/5478
=859  \\$aXLD$bEThOS
=CAT  \\$aETHOSBKLG$b00$c20111010$lBLL01$h1535
=CAT  \\$aETHOSBKLG$c20111010$lBLL01$h1607
=CAT  \\$aETHOSBKLG$c20111010$lBLL01$h1631
=CAT  \\$aBATCH$b00$c20111010$lBLL01$h1823
=CAT  \\$aBATCH-UPD$b00$c20121030$lBLL01$h1022
=CAT  \\$aWR13.117$c20130727$lBLL01$h2009
=CAT  \\$aWR13.144/5$c20140418$lBLL01$h1028
=CAT  \\$aBATCH-ETHO$b00$c20140502$lBLL01$h0139
=CAT  \\$aBATCH-ETH8$c20170506$lBLL01$h1041
=DRT  \\$aETHOS
=FIN  \\$aY$d20111010
=FMT  \\$a  BK
=LAS  \\$aBATCH-ETH8$b00$c20170506$lBLL01$h1041
=SRC  \\$aEThOS$bethos_marc_111007.mrc
=STA  \\$aSUPPRESSED$bEThOS can't supply or embargoed

