=LDR  05018 am a22004817a 4500
=001  015923703
=003  Uk
=005  20111010153530.0
=006  m\\\\\\\\d\\\\\\\\
=007  cr\|||||||||||
=008  111010s2009\\\\xxk\\\\\sbm\\\000\0\eng\\
=040  \\$aUk$beng$cUk$dUk
=082  04$a530.44$223
=100  1\$aWindridge, Melanie Jane.
=245  10$aTokamak Axisymmetric Stability$h[electronic resource] :$bVertical Displacements and their Consequences.
=260  \\$bImperial College, London,$c2009.
=300  \\$ap. :$bdigital, PDF file.
=336  \\$atext$2rdacontent
=337  \\$acomputer$2rdamedia
=338  \\$aonline resource$2rdacarrier
=502  \\$aThesis (Ph.D.)--Imperial College London, 2009.
=504  \\$aIncludes bibliographical references.
=520  3\$aVertical Displacement Events (VDEs) are a major concern for future tokamakoperation since their consequences?halo currents and the associated j ? B forceson the vacuum vessel?have the potential to be very damaging when scaled upto ITER-size devices. VDEs become more likely for elongated plasmas, which areinherently vertically unstable and most tokamaks, including ITER, will operatewith elongated plasmas to take advantage of the higher [Beta], and therefore higherefficiency. Plasma stability to vertical displacement and halo current mitigationare therefore critical areas of study for future tokamak devices. The extreme geometry of Spherical Tokamaks (STs) makes them interesting machineson which to investigate stability and halo current behaviour, and none moreso than the Mega Amp`ere Spherical Tokamak (MAST), which has a unique openvacuum vessel design. This thesis combines simple analytic exploration, theoreticalmodelling, and experimental work and analysis on the MAST tokamak. The vertical stability of the plasma is studied in MAST with a view to determiningwhether the non-linearity in the vertical feedback controller is increased inSTs compared to conventional tokamaks. It is thought that the higher curvatureof the vertical field index in STs will play a role, along with the deterioration inefficacy of the vertical feedback with progressing excursion from equilibrium. Theopen design of the MAST vessel brings an extra dimension to the problem, withthe passive stabilisation being provided by internal coil casings. Contrary to thedesign of many other tokamaks, where a toroidal shell with coils outside is used,the MAST vessel is cylindrical with poloidal field coils hanging on the inside. Theorigin of non-linearity in the plasma response is explored by way of a simple heuristicanalytic model of an up-down symmetric plasma. Simulations are made usingthe non-linear equilibrium evolution code DINA-CH to model plasma dischargessubject to a sinusoidal perturbation. Both MAST and a hypothetical conventionalaspect ratio tokamak are investigated. The responses of the plasma are subjectedto harmonic analysis to determine the non-linearity in the systems and enhancednon-linearity is found in MAST. Experiments undertaken specifically to explorethis effect in the MAST tokamak are also detailed. These non-linear effects inplasma control require consideration by controller designers. Having examined plasma stability in MAST, one of the primary consequencesof VDEs?halo currents?are explored in detail. Forced VDE experiments aredescribed and the data analysed to give a picture of where in the MAST vesselhalo currents flow. A new method is developed for use with the DINA code tocalculate the halo currents flowing in the different passive conductors, based onsumming over flux surfaces. Further investigation is made into the stability ofthe MAST plasma at high displacements from equilibrium, and it is found thatMAST has a region of extreme instability, where both the feedback and the passivestabilisation are insufficient to hold the plasma and thus the plasma accelerationis very rapid. The mechanisms for generating halo currents are considered in detail and ananalytic circuit-equation model is used to demonstrate the consistency of our understandingand to investigate the relative strength of the main drivers in MAST.
=538  \\$aMode of access: World Wide Web.
=710  2\$aImperial College, London.
=852  4\$aBritish Library$bDSC$cDRT$j513451
=856  40$uhttp://hdl.handle.net/10044/1/5479
=859  \\$aXLD$bEThOS
=CAT  \\$aETHOSBKLG$b00$c20111010$lBLL01$h1535
=CAT  \\$aETHOSBKLG$c20111010$lBLL01$h1607
=CAT  \\$aETHOSBKLG$c20111010$lBLL01$h1631
=CAT  \\$aBATCH$b00$c20111010$lBLL01$h1823
=CAT  \\$aBATCH-UPD$b00$c20121030$lBLL01$h1022
=CAT  \\$aWR13.117$c20130727$lBLL01$h2009
=CAT  \\$aWR13.144/5$c20140418$lBLL01$h1028
=CAT  \\$aBATCH-ETHO$b00$c20140502$lBLL01$h0139
=CAT  \\$aBATCH-ETH8$c20170506$lBLL01$h1041
=DRT  \\$aETHOS
=FIN  \\$aY$d20111010
=FMT  \\$a  BK
=LAS  \\$aBATCH-ETH8$b00$c20170506$lBLL01$h1041
=SRC  \\$aEThOS$bethos_marc_111007.mrc
=STA  \\$aSUPPRESSED$bEThOS can't supply or embargoed

