=LDR  04519 am a22004937a 4500
=001  015923704
=003  Uk
=005  20111010153530.0
=006  m\\\\\\\\d\\\\\\\\
=007  cr\|||||||||||
=008  111010s2009\\\\xxk\\\\\sbm\\\000\0\eng\\
=040  \\$aUk$beng$cUk$dUk
=082  04$a620.110287$223
=100  1\$aAtteck, James Alexander Charles.
=245  10$aDevelopment of techniques for lifetime prediction of Polyethylene resins for the water and gas industry$h[electronic resource].
=260  \\$bImperial College, London,$c2009.
=300  \\$ap. :$bdigital, PDF file.
=336  \\$atext$2rdacontent
=337  \\$acomputer$2rdamedia
=338  \\$aonline resource$2rdacarrier
=502  \\$aThesis (Ph.D.)--Imperial College London, 2009.
=504  \\$aIncludes bibliographical references.
=520  3\$aBeing able to accurately predict the lifetime of polyolefins is very important in industry for water and gas distribution systems. Having reliable knowledge of the lifespan and maintenance requirements of such networks is crucial to be able to schedule maintenance and avoid emergency repairs which are very costly and disruptive especially when pipes are run under busy streets of towns, cities and other thoroughfares in highly populated areas. There is much research into improving the reliability and longevity of polyolefins. To do this, there needs to be an understanding of the failure mechanisms brought about by ageing. Newer resins are increasingly resistant to onset of brittle failure and as such current test methods are struggling to keep up with their assessment. Therefore, more discriminating laboratory experiments are required to measure the improved resistance of brittle fracture of these newer resins. When investigating Slow Crack Growth (SCG) in polyethylene (PE) it is important to understand how a crack is initiated and the mechanisms by which it propagates. Several of the main tensile, constant stress tests that are currently used to evaluate polymer life expectancies that have been proven by many researchers of SCG over the years are described, as well as several notching methods associated with the tensile tests. For the new experimental procedure the research partner required the following conditions: • To be a tension test with plane strain stress conditions; • For the sample to be in a bath at elevated temperature and with an accelerating agent (Arkopal N100); • Failure times to be faster than the current setup using the Full Notch Creep Test (FNCT) and the samples used must have certain dimensions; • The evaluative procedure to be able to simply rank PE grades by failure time and then if possible correlate the failure times to life expectancy. For development of the new experimental procedures the starting point was the standard FNCT which has a square ligament cross section. By modifying ligament cross section, applied stress, notch depth, notch angle and notch geometry a more discriminating experimental procedure was developed which reduced the time to failure by roughly half when compared to the FNCT. This failure time can then be correlated to an approximation of the pipes ESCR, i.e. its lifetime whist in use. Results clearly demonstrated the transition for ductile to brittle behaviour with ageing of the polymer resins. A valuable acceleration of the failure process has been achieved which allows an increased number of assessments to be made on new resins. Failure processes have been observed optically and by Scanning Electron Microscope (SEM) to identify the micro-mechanisms of fracture.
=536  \\$aSponsored by: Ineos Polyolefins, EPSRC
=538  \\$aMode of access: World Wide Web.
=710  2\$aImperial College, London.
=852  4\$aBritish Library$bDSC$cDRT$j513452
=856  40$uhttp://hdl.handle.net/10044/1/5480
=859  \\$aXLD$bEThOS
=CAT  \\$aETHOSBKLG$b00$c20111010$lBLL01$h1535
=CAT  \\$aETHOSBKLG$c20111010$lBLL01$h1607
=CAT  \\$aETHOSBKLG$c20111010$lBLL01$h1631
=CAT  \\$aBATCH$b00$c20111010$lBLL01$h1823
=CAT  \\$aBATCH-UPD$b00$c20121030$lBLL01$h1022
=CAT  \\$aWR13.117$c20130727$lBLL01$h2009
=CAT  \\$aWR13.144/5$c20140418$lBLL01$h1028
=CAT  \\$aBATCH-ETHO$b00$c20140502$lBLL01$h0139
=CAT  \\$aBATCH-ETH8$c20170506$lBLL01$h1041
=DRT  \\$aETHOS
=FIN  \\$aY$d20111010
=FMT  \\$a  BK
=LAS  \\$aBATCH-ETH8$b00$c20170506$lBLL01$h1041
=SRC  \\$aEThOS$bethos_marc_111007.mrc
=STA  \\$aSUPPRESSED$bEThOS can't supply or embargoed

