=LDR  03743 am a22004817a 4500
=001  015923705
=003  Uk
=005  20111010153530.0
=006  m\\\\\\\\d\\\\\\\\
=007  cr\|||||||||||
=008  101031s2009\\\\xxk\\\\\sbm\\\000\0\eng\\
=040  \\$aUk$beng$cUk
=082  04$a615.5$223
=100  1\$aDavis, Rachel.
=245  13$aAn investigation of hospital patients' willingness and ability to participate in safety-related aspects of their healthcare management$h[electronic resource].
=260  \\$bImperial College London,$c2009.
=300  \\$ap. :$bdigital, PDF file.
=336  \\$atext$2rdacontent
=337  \\$acomputer$2rdamedia
=338  \\$aonline resource$2rdacarrier
=502  \\$aThesis (Ph.D.)--Imperial College London, 2009.
=504  \\$aIncludes bibliographical references.
=520  3\$aOver the years the NHS has made great strides towards engaging patients in their healthcare management. In more recent years, the way in which patients could help to improve patient safety by reducing/preventing rates of medical errors has been highlighted. However, despite growing recognition of the valuable role of the patient in improving patient safety, very little is known about patients' preferences for taking on an active role. This thesis aims to address the current gap in the evidence base with specific reference to a hospital inpatient cohort. Review work and a series of empirical investigations were undertaken which examined patients' willingness and ability to participate in a range of safety-related behaviours. In total, empirical data was collected from 580 medical and surgical inpatients, using quantitative and mixed-method approach methodologies. A number of conclusions can be drawn from the research. Patients were more willing to engage in long standing safety recommendations than those practices which are newer or unfamiliar to the patient. Patients were particularly reticent to engage in those behaviours that they perceive as challenging the clinical abilities of healthcare staff. Several strategies appeared to be effective for encouraging patients to participate in safety-related behaviours: namely, patient-focussed leaflets or videos, or by patients being given encouragement from the doctors or nurses involved in the patient's care. Overall the work in this thesis strongly suggests that while there is much to gain from involving patients in safety-related aspects of their healthcare management, patients need to be educated about how to be involved and where they can access safety-related information resources. In addition, doctors and nurses can have a pivotal role in encouraging patient involvement. Thus, it is paramount that both patients and healthcare professionals support patient participation in this area and healthcare professionals actively encourage the involvement of the patient.
=536  \\$aSponsored by: Health Foundation
=538  \\$aMode of access: World Wide Web.
=710  2\$aImperial College, London.
=852  4\$aBritish Library$bDSC$cDRT$j513453
=856  40$uhttp://hdl.handle.net/10044/1/5481
=859  \\$aXLD$bEThOS
=CAT  \\$aETHOSBKLG$b00$c20111010$lBLL01$h1535
=CAT  \\$aETHOSBKLG$c20111010$lBLL01$h1607
=CAT  \\$aETHOSBKLG$c20111010$lBLL01$h1631
=CAT  \\$aBATCH$b00$c20111010$lBLL01$h1823
=CAT  \\$aBATCH-UPD$b00$c20121030$lBLL01$h1022
=CAT  \\$aWR13.117$c20130727$lBLL01$h2009
=CAT  \\$aWR13.144/5$c20140418$lBLL01$h1028
=CAT  \\$aBATCH-ETHO$b00$c20140502$lBLL01$h0139
=DRT  \\$aETHOS
=FIN  \\$aY$d20111010
=FMT  \\$a  BK
=LAS  \\$aBATCH-ETHO$b00$c20140502$lBLL01$h0139
=SRC  \\$aEThOS$bethos_marc_111007.mrc
=STA  \\$aSUPPRESSED$bEThOS can't supply or embargoed

