=LDR  03910 am a22004817a 4500
=001  015923706
=003  Uk
=005  20111010153530.0
=006  m\\\\\\\\d\\\\\\\\
=007  cr\|||||||||||
=008  111010s2009\\\\xxk\\\\\sbm\\\000\0\eng\\
=040  \\$aUk$beng$cUk
=082  04$a610.7343$223
=100  1\$aAanensen, David Michael.
=245  14$aThe development and use of bioinformatic web applications for infectious disease microbiology$h[electronic resource].
=260  \\$bImperial College London (University of London),$c2009.
=300  \\$ap. :$bdigital, PDF file.
=336  \\$atext$2rdacontent
=337  \\$acomputer$2rdamedia
=338  \\$aonline resource$2rdacarrier
=502  \\$aThesis (Ph.D.)--Imperial College, London, 2009.
=504  \\$aIncludes bibliographical references.
=520  3\$aThe ever-increasing generation and submission of DNA sequences, and associated biological data, to publicly available databases demands software for the analysis of the biological meanings held within. The web provides a common platform for the provision of tools enabling the concurrent deposition, visualisation and analysis of data collected by many users from many different locations. Open programmatic web standards allow the development of applications addressing diverse biological questions and, more recently, are providing methods enabling functionality more traditionally associated with desktop software to be provided via the internet. In this work I detail the development and use of web applications addressing different, but not exclusive, areas of infectious disease microbiology. Firstly, an application utilised by a group of researchers (including myself) to undertake a comparative genetic analysis of the capsular biosynthetic locus from serotypes of the pathogen Streptococcus pneumoniae is detailed. Secondly, an application widely used by communities of researchers and public health laboratories for the assignment of microbial isolates to strains via the internet: mlst.net is described. Thirdly, I describe a generic electronic taxonomy application for assigning strains to bacterial species, exemplified using sequences from the viridans group streptococci, the taxonomy of which is notoriously difficult to define. Lastly, I describe the use of web mapping tools for molecular epidemiological databases, such as mlst.net, and further detail their application to the European distribution of genotypes of Staphylococcus aureus, to catalogue the global distribution of the emerging amphibian fungal pathogen Batrachochytrium dendrobatidis and to provide geocoding tools to encourage users to submit and explore their own data in the geographical context they were collected. Each application has been designed with generality in mind and through reference to user workflows and biological examples, I demonstrate the extensibility and general applicability of current web development methodologies to enable the provision of applications addressing a diversity of biological questions.
=538  \\$aMode of access: World Wide Web.
=710  2\$aImperial College, London.
=852  4\$aBritish Library$bDSC$cDRT$j513454
=856  40$uhttp://hdl.handle.net/10044/1/5482
=859  \\$aXLD$bEThOS
=CAT  \\$aETHOSBKLG$b00$c20111010$lBLL01$h1535
=CAT  \\$aETHOSBKLG$c20111010$lBLL01$h1607
=CAT  \\$aETHOSBKLG$c20111010$lBLL01$h1631
=CAT  \\$aBATCH$b00$c20111010$lBLL01$h1823
=CAT  \\$aBATCH-UPD$b00$c20121030$lBLL01$h1022
=CAT  \\$aWR13.117$c20130727$lBLL01$h2009
=CAT  \\$aWR13.144/5$c20140418$lBLL01$h1028
=CAT  \\$aBATCH-ETHO$b00$c20140502$lBLL01$h0139
=CAT  \\$aBATCH-ETH8$c20170506$lBLL01$h1041
=DRT  \\$aETHOS
=FIN  \\$aY$d20111010
=FMT  \\$a  BK
=LAS  \\$aBATCH-ETH8$b00$c20170506$lBLL01$h1041
=SRC  \\$aEThOS$bethos_marc_111007.mrc
=STA  \\$aSUPPRESSED$bEThOS can't supply or embargoed

