=LDR  03647 am a22004817a 4500
=001  015923707
=003  Uk
=005  20111010153530.0
=006  m\\\\\\\\d\\\\\\\\
=007  cr\|||||||||||
=008  111010s2009\\\\xxk\\\\\sbm\\\000\0\eng\\
=040  \\$aUk$beng$cUk$dUk
=082  04$a547.6$223
=100  1\$aFerretti, Antonio.
=245  10$aKinetic and mechanistic studies of Pd-catalyzed amination of aryl halides$h[electronic resource].
=260  \\$bImperial College, London,$c2009.
=300  \\$ap. :$bdigital, PDF file.
=336  \\$atext$2rdacontent
=337  \\$acomputer$2rdamedia
=338  \\$aonline resource$2rdacarrier
=502  \\$aThesis (Ph.D.)--Imperial College London, 2009.
=504  \\$aIncludes bibliographical references.
=520  3\$aThe Pd-catalyzed amination of aryl halides (Buchwald-Hartwig amination) hasbecome a versatile and widely used technology to synthesize and produce aromaticamines relevant in pharmaceutical and agrochemical industries. The aim of the workpresented in this thesis is to achieve a better mechanistic understanding of thisreaction. The methodologies used were not traditional and focused on kineticstudies, carried out using in-situ tools, mainly reaction calorimetry. Reactions using different amines have been considered: the kinetic behaviour of astraight-chain primary amine (n-hexylamine) was found to be very different from thekinetics of benzophenone hydrazone. This difference was rationalised by consideringthe mechanism and by proposing a change in the rate-limiting step. Spectroscopicstudies, aimed at determining the catalyst resting state, supported our proposals. We subsequently started studies on the competitive system of two amines and onearyl halide. We found that, surprisingly, the less reactive amine, when in competition,reacted first. This intriguing behaviour was rationalised by considering the Curtin-Hammett principle and by recognizing that in this case selectivity was controlled byrelative stability of intermediates, not relative reactivity. This was termed?monopolizing? regime, in contrast to the ?major-minor? regime in which the minorbut more reactive intermediate produces the major product. Subsequent studies revealed that the benzophenone hydrazone product also binds to the Pd/BINAP catalyst, and, during the hexylamine reaction, inhibits the rate andinduces a change in the rate limiting step and catalyst resting state. Reactions using benzophenone imine were then studied. The competitive system ofbenzophenone imine and benzophenone hydrazone provided an example of asystem showing a change from the ?monopolizing regime? to the ?major-minor?regime. These concepts can be generalized and applied to explain selectivity in othercompetitive catalytic systems.
=538  \\$aMode of access: World Wide Web.
=710  2\$aImperial College, London.
=852  4\$aBritish Library$bDSC$cDRT$j513455
=856  40$uhttp://hdl.handle.net/10044/1/5483
=859  \\$aXLD$bEThOS
=CAT  \\$aETHOSBKLG$b00$c20111010$lBLL01$h1535
=CAT  \\$aETHOSBKLG$c20111010$lBLL01$h1607
=CAT  \\$aETHOSBKLG$c20111010$lBLL01$h1631
=CAT  \\$aBATCH$b00$c20111010$lBLL01$h1823
=CAT  \\$aBATCH-UPD$b00$c20121030$lBLL01$h1022
=CAT  \\$aWR13.117$c20130727$lBLL01$h2009
=CAT  \\$aWR13.144/5$c20140418$lBLL01$h1028
=CAT  \\$aBATCH-ETHO$b00$c20140502$lBLL01$h0139
=CAT  \\$aBATCH-ETH8$c20170506$lBLL01$h1041
=DRT  \\$aETHOS
=FIN  \\$aY$d20111010
=FMT  \\$a  BK
=LAS  \\$aBATCH-ETH8$b00$c20170506$lBLL01$h1041
=SRC  \\$aEThOS$bethos_marc_111007.mrc
=STA  \\$aSUPPRESSED$bEThOS can't supply or embargoed

