=LDR  05287 am a22004817a 4500
=001  015923711
=003  Uk
=005  20111010153530.0
=006  m\\\\\\\\d\\\\\\\\
=007  cr\|||||||||||
=008  111010s2009\\\\xxk\\\\\sbm\\\000\0\eng\\
=040  \\$aUk$beng$cUk$dUk
=082  04$a531.16$223
=100  1\$aLilley, Matthew Keith.
=245  10$aResonant interaction of fast particles with Alfv?n waves in spherical tokamaks$h[electronic resource].
=260  \\$bImperial College, London,$c2009.
=300  \\$ap. :$bdigital, PDF file.
=336  \\$atext$2rdacontent
=337  \\$acomputer$2rdamedia
=338  \\$aonline resource$2rdacarrier
=502  \\$aThesis (Ph.D.)--Imperial College London, 2009.
=504  \\$aIncludes bibliographical references.
=520  3\$aThe Spherical Tokamak (ST) concept has become one of the main avenues in magneticnuclear fusion research since STs successfully demonstrated plasma operationat [Beta] = 2P[mu]0=B2~1. Next step ST machines aiming at achieving burning plasmaconditions in high [Beta] plasmas are being planned, such as the Spherical TokamakPower Plant (STPP) and the Component Testing Facility (CTF). Instabilities offast particle-driven Alfven eigenmodes are often observed in present-day STs. Suchinstabilities, driven by fusion-born alpha particles as well as by fast ions producedwith auxiliary heating schemes, in the next step STs may pose a major problem asthese instabilities may affect confinement and losses of the fast ions. A theory of compressional Alfven eigenmodes (CAE) with frequencies above thedeuterium cyclotron frequency,[omega] > [omega]cD, is developed for plasma parameters of aSTPP, and modes in the ion-ion hybrid frequency range, [omega]cT < [omega] < [omega]cD, are alsoinvestigated in order to assess the potential of diagnosing the deuterium-tritium(D-T) ratio. For the 1-D character of a STPP equilibrium with [Beta]~1 , a `hollowcylinder toroidal plasma model is employed for studying CAEs with arbitrary valuesof the parallel wave-vector k[||] = k[.]B/|B|. The existence of weakly-damped CAEs,free of mode conversion, is shown to be associated with the `well in the magneticfield profile, B = B (R), that can exist at the magnetic axis. A significant part of this thesis focusses on the experimentally observed effectsof resonant wave-particle interaction between Alfven waves and fast particles in theMega Amp Spherical Tokamak (MAST) device at the Culham Laboratory, UK, andin the LArge Plasma Device (LAPD) in the University of California, Los-Angeles,USA. New robust experimental scenarios for exciting CAEs in the MAST spherical tokamak are developed, and interpretation of the observed CAEs in the frequencyrange [omega]cD/3 < [omega] < [omega]cD is given in the context of the 1-D ST model and the Dopplershifted cyclotron resonance. The e ciency of the Doppler resonance between coand counter directed fast ions and left and right hand polarised Alfven waves isfurther assessed experimentally on the LAPD device, with probe ions injected inthe presence of Alfv en waves launched by an external antenna. The developed theory of CAEs is then applied to a calculation of the linear kineticdrive of CAEs in the MAST experiments. A model representation of the fast iondistribution function, produced by neutral beam injection (NBI), is used by fittingto the TRANSP Monte-Carlo NBI modelling results. The main free energy sourcesassociated with temperature anisotropy and bump-on-tail are estimated analytically,and the CAE stability boundary is qualitatively assessed. In order to explain the experimentally observed difference between steady-stateand pulsating Alfvenic modes, the non-linear theory of fast particle driven modesnear marginal stability is extended to include dynamical friction (drag). For thebump-on-tail problem, the drag is shown to always give an explosive amplitudeevolution in contrast to diffusion in velocity space in the vicinity of the wave-particleresonance. This is then extended to the case of experimentally observed NBI-driventoroidal Alfven eigenmodes (TAEs) in the MAST machine. The experimentallyobserved differences between TAEs driven by fast ions produced with ion cyclotronresonance heating (ICRH) and NBI are then interpreted. The problem of dragdominated collisions for modes excited by fusion-born alpha particles in burningplasmas such as a STPP and ITER is underlined.
=538  \\$aMode of access: World Wide Web.
=710  2\$aImperial College, London.
=852  4\$aBritish Library$bDSC$cDRT$j513459
=856  40$uhttp://hdl.handle.net/10044/1/5487
=859  \\$aXLD$bEThOS
=CAT  \\$aETHOSBKLG$b00$c20111010$lBLL01$h1535
=CAT  \\$aETHOSBKLG$c20111010$lBLL01$h1607
=CAT  \\$aETHOSBKLG$c20111010$lBLL01$h1631
=CAT  \\$aBATCH$b00$c20111010$lBLL01$h1823
=CAT  \\$aBATCH-UPD$b00$c20121030$lBLL01$h1022
=CAT  \\$aWR13.117$c20130727$lBLL01$h2009
=CAT  \\$aWR13.144/5$c20140418$lBLL01$h1028
=CAT  \\$aBATCH-ETHO$b00$c20150802$lBLL01$h0151
=CAT  \\$aBATCH-ETH8$c20170506$lBLL01$h1041
=DRT  \\$aETHOS
=FIN  \\$aY$d20111010
=FMT  \\$a  BK
=LAS  \\$aBATCH-ETH8$b00$c20170506$lBLL01$h1041
=SRC  \\$aEThOS$bethos_marc_111007.mrc
=STA  \\$aSUPPRESSED$bEThOS can't supply or embargoed

