=LDR  03861 am a22004937a 4500
=001  015923712
=003  Uk
=005  20111010153530.0
=006  m\\\\\\\\d\\\\\\\\
=007  cr\|||||||||||
=008  111010s2009\\\\xxk\\\\\sbm\\\000\0\eng\\
=040  \\$aUk$beng$cUk$dUk
=082  04$a627$223
=100  1\$aChristou, Marios.
=245  10$aFully nonlinear computations of waves and wave-structure interaction$h[electronic resource].
=260  \\$bImperial College, London,$c2009.
=300  \\$ap. :$bdigital, PDF file.
=336  \\$atext$2rdacontent
=337  \\$acomputer$2rdamedia
=338  \\$aonline resource$2rdacarrier
=502  \\$aThesis (Ph.D.)--Imperial College London, 2009.
=504  \\$aIncludes bibliographical references.
=520  3\$aThis thesis concerns the development of an exact or fully nonlinear numericalmodel capable of describing surface water waves, including the occurrence of wavebreaking, and their interaction with structures. The motivation for this workarose, first because of an inability to model limiting and overturning waves indirectionally-spread seas and, second because of an inability to describe some ofthe highly nonlinear free-surface effects which arise when steep waves interact withsurface-piercing columns. On both counts the available design tools were knownto fall well short of accurately describing these important flows. The work hasinvolved the development of a three-dimensional, fully nonlinear, multiple-fluxBoundary Element Method (BEM) and has compared the results of this model todetailed laboratory observations. Quantitative comparisons of the numerical results to both new and existingexperimental data, much of which has been gathered as part of the study, arepresented. In order to accurately simulate the physical phenomenon associatedwith wave-wave and wave-structure interactions, it is necessary to formulate, storeand solve very large systems of equations. Consequently, the three-dimensionalnumerical code is executed using a parallel implementation. This is not onlynecessary to maximise its time efficiency, but to also allow the feasible simulationof realistic problems involving significant directional spreads. The applications ofthe model include:(a) Solitary waves overturning on impermeable plane beach slopes.(b) Irregular (or unsteady) waves interacting with a vertical wall.(c) Waves interacting with submerged breakwaters and underwater caissons.(d) Overturning irregular waves, including descriptions of their associated waterparticle kinematics throughout the water column.(e) Waves interacting with surface-piercing columns, with details of the scatteredwaves arising. As a result of these studies, a new wave model has been fully validated, new numericaldescriptions have been obtained, and improved physical insights concerningpractically important problems have been realised.
=536  \\$aSponsored by: UK Engineering and Physical Sciences Research Council (EPSRC), StatoilHydro
=538  \\$aMode of access: World Wide Web.
=710  2\$aImperial College, London.
=852  4\$aBritish Library$bDSC$cDRT$j513460
=856  40$uhttp://hdl.handle.net/10044/1/5488
=859  \\$aXLD$bEThOS
=CAT  \\$aETHOSBKLG$b00$c20111010$lBLL01$h1535
=CAT  \\$aETHOSBKLG$c20111010$lBLL01$h1607
=CAT  \\$aETHOSBKLG$c20111010$lBLL01$h1631
=CAT  \\$aBATCH$b00$c20111010$lBLL01$h1823
=CAT  \\$aBATCH-UPD$b00$c20121030$lBLL01$h1022
=CAT  \\$aWR13.117$c20130727$lBLL01$h2009
=CAT  \\$aWR13.144/5$c20140418$lBLL01$h1028
=CAT  \\$aBATCH-ETHO$b00$c20140502$lBLL01$h0139
=CAT  \\$aBATCH-ETH8$c20170506$lBLL01$h1041
=DRT  \\$aETHOS
=FIN  \\$aY$d20111010
=FMT  \\$a  BK
=LAS  \\$aBATCH-ETH8$b00$c20170506$lBLL01$h1041
=SRC  \\$aEThOS$bethos_marc_111007.mrc
=STA  \\$aSUPPRESSED$bEThOS can't supply or embargoed

