=LDR  03918 am a22004937a 4500
=001  015923713
=003  Uk
=005  20111010153530.0
=006  m\\\\\\\\d\\\\\\\\
=007  cr\|||||||||||
=008  111010s2009\\\\xxk\\\\\sbm\\\000\0\eng\\
=040  \\$aUk$beng$cUk$dUk
=082  04$a388.049$223
=100  1\$aHu, Yunlei.
=245  10$aMeasuring the impacts of mobile commerce on activity-travel behaviour$h[electronic resource].
=260  \\$bImperial College, London,$c2009.
=300  \\$ap. :$bdigital, PDF file.
=336  \\$atext$2rdacontent
=337  \\$acomputer$2rdamedia
=338  \\$aonline resource$2rdacarrier
=502  \\$aThesis (Ph.D.)--Imperial College London, 2009.
=504  \\$aIncludes bibliographical references.
=520  3\$aRecent developments in information and communication technology have meant that mobile commerce will have an increasingly important influence on the travel behaviour; in particular on how, when and where people choose to use their time to conduct activities. In the cases of activities involving the use of mobile services, such as m-shopping or m-banking, the conventional strong connection between the utility which one derives from an activity and its timing and duration are weakened or even broken such that existing utility-maximization models are not suitable in these contexts. This thesis presents a novel approach to characterising the utility of activities which can be applied in a broader set of circumstances, especially those such as m-services in which technology relaxes the patio-temporal constraints of activity participation. Building on concepts from both the microeconomic literature and the activity scheduling literature, the thesis proposes a unified utility framework based on an activity production approach, which is characterised by an activity production function. In this approach, an activity is regarded as the archetypal "small firm" theorised by Becker (1965). An individual transforms the inputs (purchased market goods, time, and technology) into the outputs (consumption commodities) through some activity production process. Both the production process and the outcome of consumption are potential sources of (dis)utility. We show how this framework generalises existing activity utility model and demonstrate how it can be extended to accommodate activities performed in both electronic and mobile contexts. A stated choice exercise was undertaken to obtain the data necessary to estimate utility models based on this new framework. In this exercise, a hypothetical shopping choice scenario was presented to respondents and a D-efficient design was adopted to investigate people's decision making with respect to shopping. Using the cleaned data generated by this data collection program, the basic model with the best overall level of fit was identified. Theoretical and empirical implications were discussed. Strong evidences of taste heterogeneity among respondents were also found.
=536  \\$aSponsored by: Department of Transport
=538  \\$aMode of access: World Wide Web.
=710  2\$aImperial College, London.
=852  4\$aBritish Library$bDSC$cDRT$j513461
=856  40$uhttp://hdl.handle.net/10044/1/5489
=859  \\$aXLD$bEThOS
=CAT  \\$aETHOSBKLG$b00$c20111010$lBLL01$h1535
=CAT  \\$aETHOSBKLG$c20111010$lBLL01$h1607
=CAT  \\$aETHOSBKLG$c20111010$lBLL01$h1631
=CAT  \\$aBATCH$b00$c20111010$lBLL01$h1823
=CAT  \\$aBATCH-UPD$b00$c20121030$lBLL01$h1022
=CAT  \\$aWR13.117$c20130727$lBLL01$h2009
=CAT  \\$aWR13.144/5$c20140418$lBLL01$h1028
=CAT  \\$aBATCH-ETHO$b00$c20140502$lBLL01$h0139
=CAT  \\$aBATCH-ETH8$c20170506$lBLL01$h1041
=DRT  \\$aETHOS
=FIN  \\$aY$d20111010
=FMT  \\$a  BK
=LAS  \\$aBATCH-ETH8$b00$c20170506$lBLL01$h1041
=SRC  \\$aEThOS$bethos_marc_111007.mrc
=STA  \\$aSUPPRESSED$bEThOS can't supply or embargoed

