=LDR  07118 am a22004937a 4500
=001  015923715
=003  Uk
=005  20111010153530.0
=006  m\\\\\\\\d\\\\\\\\
=007  cr\|||||||||||
=008  111010s2009\\\\xxk\\\\\sbm\\\000\0\eng\\
=040  \\$aUk$beng$cUk$dUk
=082  04$a622$223
=100  1\$aAl Sayari, Saif S.
=245  14$aThe influence of wettability and carbon dioxide injection on hydrocarbon recovery$h[electronic resource].
=260  \\$bImperial College, London,$c2009.
=300  \\$ap. :$bdigital, PDF file.
=336  \\$atext$2rdacontent
=337  \\$acomputer$2rdamedia
=338  \\$aonline resource$2rdacarrier
=502  \\$aThesis (Ph.D.)--Imperial College London, 2009.
=504  \\$aIncludes bibliographical references.
=520  3\$aThis study can be divided into two sections. First, a detailed study of petrophysicalproperties and the impact of wettability is performed on cores from a producingheterogeneous carbonate reservoir from the Middle East. Second, a comparisonbetween different injection schemes (waterflooding, gas injection, WAG and CO2injection) for enhanced oil recovery is made for another giant carbonate reservoir inthe Middle East. Knowledge of the wettability of a reservoir rock and its influence on petrophysicalproperties is a key factor for determining oil recovery mechanisms and makingestimates of recovery efficiency. A full suite of experiments on well-characterisedsystems, including sandpacks, sandstones and carbonate cores, was performed tomeasure capillary pressure, relative permeability, NMR response and resistivityindex. Cores aged in crude oil, with different wettability were studied. As a preliminary step to investigate the effect of wettability on heterogeneouscarbonates from the Middle East, sandpack and sandstone samples were first testedbecause: 1) these samples are known to be quite homogeneous and of a wettabilitythat can be controlled; 2) To test our experimental methods; and 3) to serve as adataset for modelling studies. First, the static (porosity and permeability) and dynamic (initial water saturation andresidual oil saturation) properties of Leavenseat (LV60) and Ottawa (F-42) sandpackswere measured. The formation factor and NMR response for these sandpacks werealso determined. These experimental measurements have served as a benchmark forpore-modelling studies that have reproduced the experimental data. Fontainebleau sandstones have also been used as a benchmark in the industrybecause of its relatively simple pore structure. Mercury injection capillary pressure(MICP) measurements were performed on this sandstone. The MICP experimentalmeasurements showed very low pore volume values, indicating very tight(consolidated) samples. These samples had a diameter of less than 0.02 m whichmade the experiments quite difficult. Once we had confidence in the experimental methodology, five carbonate samplesfrom a typical Middle East reservoir were imaged and cleaned in order to renderthem more water wet. Conventional and special core analyses were performed on allthe samples. The pore throat distribution from capillary pressure was successfullycompared with the pore size distribution inferred from the NMR T2 relaxation curve. Formation resistivity factor and the formation resistivity index were also measured. Capillary pressure and relative permeability curves were measured using refined oiland synthetic formation brine. Then the samples were aged in crude oil from the same field at elevated temperature (120oC) and underwent the same experiments toevaluate the influence of wettability changes on these properties. The experimental data show that there is a significant difference in the relativepermeability and capillary pressure of the cleaned and aged samples; the results areexplained in terms of the pore-scale configurations of fluids. In contrast, electricalresistivity did not encounter significant changes for different wettability, suggestingthat electrical properties in these carbonates are mainly affected by the porosity thatremains water-wet, or is only neutrally-wet. This conclusion is supported by thesignificant displacement that is observed in the aged sample at capillary pressuresclose to zero. We show that wettability, imbibition capillary pressure and relative permeabilityhave major impact on the waterflood sweep efficiency and hence on the distributionof remaining oil saturation. An incorrect understanding of the distribution ofremaining oil saturation may lead to ineffective reservoir management and IOR/EORdecisions. The second part of this thesis is to assess the efficacy of CO2 injection into carbonateoil fields. The reservoir under study is a layered system. The reservoir consists of twomain units, i.e. a lower zone of generally low permeability layers and an upper zoneof high permeability layers inter-bedded with low permeability layers; the averagepermeability of the upper zone is some 10-100 times higher than that of the Lower zone. Under waterflooding, the injected water tends to flow through the upper zonealong the high permeability layers and no or very slow cross flow of water into thelower zone occurs, resulting in very poor sweep of the lower zone. There issignificant scope for improving oil recovery from such type of heterogeneous mixedwetcarbonate reservoirs. The apparent impediment to water invading the bottomstrata prompts suggests that a miscible fluid could be Injected into the lower zone. We conducted a series of core-flood experiments to compare the performance ofdifferent displacement process: waterflooding, hydrocarbon gas flooding and wateralternategas (WAG) and compared them with CO2 injection. We show that the localdisplacement efficiency for CO2 flooding is approximately 97% - much higher thanthat obtained from waterflooding or hydrocarbon gas injection, due to thedevelopment of miscibility between CO2 and the oil. We use the results to discussthe potential of CO2 injection for storage and enhanced oil recovery in the MiddleEast carbonate reservoir discussed above, and proposes further research to developa fuller understanding of the subsurface behavior of CO2.
=536  \\$aSponsored by: ADNOC (Abu Dhabi National Oil Company)
=538  \\$aMode of access: World Wide Web.
=710  2\$aImperial College, London.
=852  4\$aBritish Library$bDSC$cDRT$j513463
=856  40$uhttp://hdl.handle.net/10044/1/5491
=859  \\$aXLD$bEThOS
=CAT  \\$aETHOSBKLG$b00$c20111010$lBLL01$h1535
=CAT  \\$aETHOSBKLG$c20111010$lBLL01$h1607
=CAT  \\$aETHOSBKLG$c20111010$lBLL01$h1631
=CAT  \\$aBATCH$b00$c20111010$lBLL01$h1823
=CAT  \\$aBATCH-UPD$b00$c20121030$lBLL01$h1022
=CAT  \\$aWR13.117$c20130727$lBLL01$h2009
=CAT  \\$aWR13.144/5$c20140418$lBLL01$h1028
=CAT  \\$aBATCH-ETHO$b00$c20140502$lBLL01$h0139
=CAT  \\$aBATCH-ETH8$c20170506$lBLL01$h1041
=DRT  \\$aETHOS
=FIN  \\$aY$d20111010
=FMT  \\$a  BK
=LAS  \\$aBATCH-ETH8$b00$c20170506$lBLL01$h1041
=SRC  \\$aEThOS$bethos_marc_111007.mrc
=STA  \\$aSUPPRESSED$bEThOS can't supply or embargoed

