=LDR  03377 am a22004697a 4500
=001  015923716
=003  Uk
=005  20111010153530.0
=006  m\\\\\\\\d\\\\\\\\
=007  cr\|||||||||||
=008  101031s2008\\\\xxk\\\\\sbm\\\000\0\eng\\
=040  \\$aUk$beng$cUk
=082  04$a616.9$223
=100  1\$aLucchesi, Walter.
=245  10$aGene Regulation by Epstein-Barr virus EBNA2 Type 1 and Type 2$h[electronic resource].
=260  \\$bImperial College London,$c2008.
=300  \\$a215 p. :$bdigital, PDF file.
=336  \\$atext$2rdacontent
=337  \\$acomputer$2rdamedia
=338  \\$aonline resource$2rdacarrier
=502  \\$aThesis (Ph.D.)--Imperial College London, 2008.
=504  \\$aIncludes bibliographical references.
=520  3\$aEpstein-Barr virus, EBV, is a human herpes virus that establishes a life long, persistent, latent infection in B lymphocytes. In vitro, EBV readily transforms and immortalizes primary B cells. EBV exists in two types, named EBV type 1 and type 2. These are defined on the basis of polymorphism in the EBNA2 locus. The EBNA2 gene encodes a viral transcription factor that controls viral and cell genes and is absolutely required for B cell transformation. EBV type 1 strains are much more efficient than EBV type 2 at transforming B cells and the enhanced transformation efficiency was previously mapped to the EBNA2 gene. A transfection assay was devised to compare the ability of type 1 and type 2 EBNA2 to sustain cell proliferation in EREB2.5 lymphoblastoid cells, which contain a ΔEBNA2-Epstein-Barr virus and express a conditional EBNA2. The reduced proliferation in cells expressing type 2 EBNA2 correlated with loss of expression of some cell genes that are known to be targets of type 1 EBNA2. Microarray analysis of EBNA2 target genes in stably transfected Burkitt lymphoma cells identified a small number of genes that are more strongly induced by type 1 than type 2 EBNA2 and one of these genes (CXCR7) was shown to be required for proliferation of lymphoblastoid cell lines. The Epstein-Barr virus LMP1 gene is directly induced by EBNA2 and is critically involved in B cell transformation. In Daudi Burkitt lymphoma cells, EBNA2type 1 induced LMP1 much more strongly than EBNA2 type 2, although both reached comparable levels after 48 hours. The results show that differential gene regulation by Epstein-Barr virus type 1 and type 2 EBNA2 is likely to be the basis for the much weaker B cell transformation activity of type 2 Epstein-Barr virus strains compared to type 1 strains.
=538  \\$aMode of access: World Wide Web.
=710  2\$aImperial College, London.
=852  4\$aBritish Library$bDSC$cDRT$j513464
=856  40$uhttp://hdl.handle.net/10044/1/5492
=859  \\$aXLD$bEThOS
=CAT  \\$aETHOSBKLG$b00$c20111010$lBLL01$h1535
=CAT  \\$aETHOSBKLG$c20111010$lBLL01$h1607
=CAT  \\$aETHOSBKLG$c20111010$lBLL01$h1631
=CAT  \\$aBATCH$b00$c20111010$lBLL01$h1823
=CAT  \\$aBATCH-UPD$b00$c20121030$lBLL01$h1022
=CAT  \\$aWR13.117$c20130727$lBLL01$h2009
=CAT  \\$aWR13.144/5$c20140418$lBLL01$h1028
=CAT  \\$aBATCH-ETHO$b00$c20140502$lBLL01$h0139
=DRT  \\$aETHOS
=FIN  \\$aY$d20111010
=FMT  \\$a  BK
=LAS  \\$aBATCH-ETHO$b00$c20140502$lBLL01$h0139
=SRC  \\$aEThOS$bethos_marc_111007.mrc
=STA  \\$aSUPPRESSED$bEThOS can't supply or embargoed

