=LDR  03047 am a22004817a 4500
=001  015923717
=003  Uk
=005  20111010153530.0
=006  m\\\\\\\\d\\\\\\\\
=007  cr\|||||||||||
=008  111010s2009\\\\xxk\\\\\sbm\\\000\0\eng\\
=040  \\$aUk$beng$cUk$dUk
=082  04$a502.85$223
=100  1\$aWang, Yizhou.
=245  10$aObject recognition using multi-view imaging$h[electronic resource].
=260  \\$bImperial College, London,$c2009.
=300  \\$ap. :$bdigital, PDF file.
=336  \\$atext$2rdacontent
=337  \\$acomputer$2rdamedia
=338  \\$aonline resource$2rdacarrier
=502  \\$aThesis (Ph.D.)--Imperial College London, 2009.
=504  \\$aIncludes bibliographical references.
=520  3\$aSingle view imaging data has been used in most previous research in computer vision andimage understanding and lots of techniques have been developed. Recently with the fastdevelopment and dropping cost of multiple cameras, it has become possible to have manymore views to achieve image processing tasks. This thesis will consider how to use theobtained multiple images in the application of target object recognition. In this context, we present two algorithms for object recognition based on scale-invariant feature points. The first is single view object recognition method (SOR), whichoperates on single images and uses a chirality constraint to reduce the recognition errorsthat arise when only a small number of feature points are matched. The procedure isextended in the second multi-view object recognition algorithm (MOR) which operates ona multi-view image sequence and, by tracking feature points using a dynamic programmingmethod in the plenoptic domain subject to the epipolar constraint, is able to fuse featurepoint matches from all the available images, resulting in more robust recognition. We evaluated these algorithms using a number of data sets of real images capturingboth indoor and outdoor scenes. We demonstrate that MOR is better than SOR particularly for noisy and low resolution images, and it is also able to recognize objects that arepartially occluded by combining it with some segmentation techniques.
=538  \\$aMode of access: World Wide Web.
=710  2\$aImperial College, London.
=852  4\$aBritish Library$bDSC$cDRT$j513467
=856  40$uhttp://hdl.handle.net/10044/1/5495
=859  \\$aXLD$bEThOS
=CAT  \\$aETHOSBKLG$b00$c20111010$lBLL01$h1535
=CAT  \\$aETHOSBKLG$c20111010$lBLL01$h1607
=CAT  \\$aETHOSBKLG$c20111010$lBLL01$h1631
=CAT  \\$aBATCH$b00$c20111010$lBLL01$h1823
=CAT  \\$aBATCH-UPD$b00$c20121030$lBLL01$h1022
=CAT  \\$aWR13.117$c20130727$lBLL01$h2009
=CAT  \\$aWR13.144/5$c20140418$lBLL01$h1028
=CAT  \\$aBATCH-ETHO$b00$c20140502$lBLL01$h0139
=CAT  \\$aBATCH-ETH8$c20170506$lBLL01$h1041
=DRT  \\$aETHOS
=FIN  \\$aY$d20111010
=FMT  \\$a  BK
=LAS  \\$aBATCH-ETH8$b00$c20170506$lBLL01$h1041
=SRC  \\$aEThOS$bethos_marc_111007.mrc
=STA  \\$aSUPPRESSED$bEThOS can't supply or embargoed

