=LDR  05168 am a22004937a 4500
=001  015923718
=003  Uk
=005  20111010153530.0
=006  m\\\\\\\\d\\\\\\\\
=007  cr\|||||||||||
=008  111010s2008\\\\xxk\\\\\sbm\\\000\0\eng\\
=040  \\$aUk$beng$cUk$dUk
=082  04$a551.46$223
=100  1\$aCandy, Adam S.
=245  10$aSubgrid scale modelling of transport processes$h[electronic resource].
=260  \\$bImperial College, London,$c2008.
=300  \\$ap. :$bdigital, PDF file.
=336  \\$atext$2rdacontent
=337  \\$acomputer$2rdamedia
=338  \\$aonline resource$2rdacarrier
=502  \\$aThesis (Ph.D.)--Imperial College London, 2008.
=504  \\$aIncludes bibliographical references.
=520  3\$aConsideration of stabilisation techniques is essential in the development of physical models ifthey are to faithfully represent processes over a wide range of scales. Careful application ofthese techniques can significantly increase flexibility of models, allowing the computationalmeshes used to discretise the underlying partial differential equations to become highly nonuniformand anisotropic, for example. This exibility enables a model to capture a widerrange of phenomena and thus reduce the number of parameterisations required, bringing aphysically more realistic solution. The next generation of fluid flow and radiation transport models employ unstructuredmeshes and anisotropic adaptive methods to gain a greater degree of flexibility. Howeverthese can introduce erroneous artefacts into the solution when, for example, a process becomesunresolvable due to an adaptive mesh change or advection into a coarser region of mesh inthe domain. The suppression of these effects, caused by spatial and temporal variations inmesh size, is one of the key roles stabilisation can play. This thesis introduces new explicit and implicit stabilisation methods that have beendeveloped for application in fluid and radiation transport modelling. With a focus ona consistent residual-free approach, two new frameworks for the development of implicitmethods are presented. The first generates a family of higher-order Petrov-Galerkin methods,and the example developed is compared to standard schemes such as streamline upwindPetrov-Galerkin and Galerkin least squares in accurate modelling of tracer transport. Thedissipation generated by this method forms the basis for a new explicit fourth-order subfilterscale eddy viscosity model for large eddy simulation. Dissipation focused more sharply onunresolved scales is shown to give improved results over standard turbulence models. Thesecond, the inner element method, is derived from subgrid scale modelling concepts and,like the variational multiscale method and bubble enrichment techniques, explicitly aims tocapture the important under-resolved fine scale information. It brings key advantages tothe solution of the Navier-Stokes equations including the use of usually unstable velocity-pressureelement pairs, a fully consistent mass matrix without the increase in degrees offreedom associated with discontinuous Galerkin methods and also avoids pressure filtering. All of which act to increase the flexibility and accuracy of a model. Supporting results are presented from an application of the methods to a wide rangeof problems, from simple one-dimensional examples to tracer and momentum transport insimulations such as the idealised Stommel gyre, the lid-driven cavity, lock-exchange, gravitycurrent and backward-facing step. Significant accuracy improvements are demonstratedin challenging radiation transport benchmarks, such as advection across void regions, the scattering Maynard problem and demanding source-absorption cases. Evolution of a freesurface is also investigated in the sloshing tank, transport of an equatorial Rossby soliton,wave propagation on an aquaplanet and tidal simulation of the Mediterranean Sea and globalocean. In combination with adaptive methods, stabilising techniques are key to the developmentof next generation models. In particular these ideas are critical in achieving the aim ofextending models, such as the Imperial College Ocean Model, to the global scale.
=536  \\$aSponsored by: Engineering and Physical Sciences Research Council; AWE, Aldermaston
=538  \\$aMode of access: World Wide Web.
=710  2\$aImperial College, London.
=852  4\$aBritish Library$bDSC$cDRT$j513468
=856  40$uhttp://hdl.handle.net/10044/1/5496
=859  \\$aXLD$bEThOS
=CAT  \\$aETHOSBKLG$b00$c20111010$lBLL01$h1535
=CAT  \\$aETHOSBKLG$c20111010$lBLL01$h1607
=CAT  \\$aETHOSBKLG$c20111010$lBLL01$h1631
=CAT  \\$aBATCH$b00$c20111010$lBLL01$h1823
=CAT  \\$aBATCH-UPD$b00$c20121030$lBLL01$h1022
=CAT  \\$aWR13.117$c20130727$lBLL01$h2009
=CAT  \\$aWR13.144/5$c20140418$lBLL01$h1028
=CAT  \\$aBATCH-ETHO$b00$c20140502$lBLL01$h0139
=CAT  \\$aBATCH-ETH8$c20170506$lBLL01$h1041
=DRT  \\$aETHOS
=FIN  \\$aY$d20111010
=FMT  \\$a  BK
=LAS  \\$aBATCH-ETH8$b00$c20170506$lBLL01$h1041
=SRC  \\$aEThOS$bethos_marc_111007.mrc
=STA  \\$aSUPPRESSED$bEThOS can't supply or embargoed

