=LDR  03682 am a22004937a 4500
=001  015923720
=003  Uk
=005  20111010153530.0
=006  m\\\\\\\\d\\\\\\\\
=007  cr\|||||||||||
=008  111010s2009\\\\xxk\\\\\sbm\\\000\0\eng\\
=040  \\$aUk$beng$cUk$dUk
=082  04$a610.21$223
=100  1\$aMason, Alexina Jane.
=245  10$aBayesian methods for modelling non-random missing data mechanisms in longitudinal studies$h[electronic resource].
=260  \\$bImperial College, London,$c2009.
=300  \\$ap. :$bdigital, PDF file.
=336  \\$atext$2rdacontent
=337  \\$acomputer$2rdamedia
=338  \\$aonline resource$2rdacarrier
=502  \\$aThesis (Ph.D.)--Imperial College London, 2009.
=504  \\$aIncludes bibliographical references.
=520  3\$aIn longitudinal studies, data are collected on a group of individuals over a period of time, and inevitablythis data will contain missing values. Assuming that this missingness follows convenient `random-like patterns may not be realistic, so there is much interest in methods for analysing incompletelongitudinal data which allow the incorporation of more realistic assumptions about the missing datamechanism. We explore the use of Bayesian full probability modelling in this context, which involvesthe specification of a joint model including a model for the question of interest and a model for themissing data mechanism. Using simulated data with missing outcomes generated by an informative missingness mechanism,we start by investigating the circumstances and the extent to which Bayesian methods can improveparameter estimates and model fit compared to complete-case analysis. This includes examiningthe impact of misspecifying different parts of the model. With real datasets, when the form of themissingness is unknown, a diagnostic that indicates the amount of information in the missing datagiven our model assumptions would be useful. pD is a measure of the dimensionality of a Bayesianmodel, and we explore its use and limitations for this purpose. Bayesian full probability modelling is then used in more complex settings, using real examples oflongitudinal data taken from the British birth cohort studies and a clinical trial, some of which havemissing covariates. We look at ways of incorporating information from additional sources into ourmodels to help parameter estimation, including data from other studies and knowledge elicited froman expert. Additionally, we assess the sensitivity of the conclusions regarding the question of interestto varying the assumptions in different parts of the joint model, explore ways of presenting this information, and outline a strategy for Bayesian modelling of non-ignorable missing data.
=536  \\$aSponsored by: Economic and Social Research Council
=538  \\$aMode of access: World Wide Web.
=710  2\$aImperial College, London.
=852  4\$aBritish Library$bDSC$cDRT$j513470
=856  40$uhttp://hdl.handle.net/10044/1/5498
=859  \\$aXLD$bEThOS
=CAT  \\$aETHOSBKLG$b00$c20111010$lBLL01$h1535
=CAT  \\$aETHOSBKLG$c20111010$lBLL01$h1607
=CAT  \\$aETHOSBKLG$c20111010$lBLL01$h1631
=CAT  \\$aBATCH$b00$c20111010$lBLL01$h1823
=CAT  \\$aBATCH-UPD$b00$c20121030$lBLL01$h1022
=CAT  \\$aWR13.117$c20130727$lBLL01$h2009
=CAT  \\$aWR13.144/5$c20140418$lBLL01$h1028
=CAT  \\$aBATCH-ETHO$b00$c20140502$lBLL01$h0139
=CAT  \\$aBATCH-ETH8$c20170506$lBLL01$h1041
=DRT  \\$aETHOS
=FIN  \\$aY$d20111010
=FMT  \\$a  BK
=LAS  \\$aBATCH-ETH8$b00$c20170506$lBLL01$h1041
=SRC  \\$aEThOS$bethos_marc_111007.mrc
=STA  \\$aSUPPRESSED$bEThOS can't supply or embargoed

