=LDR  05882 am a22004817a 4500
=001  015923721
=003  Uk
=005  20111010153530.0
=006  m\\\\\\\\d\\\\\\\\
=007  cr\|||||||||||
=008  101031s2009\\\\xxk\\\\\sbm\\\000\0\eng\\
=040  \\$aUk$beng$cUk
=082  04$a616.7$223
=100  1\$aAkhavani, Mohammed Ali.
=245  14$aThe interplay between angiogenesis, hypoxia and inflammation in rheumatoid hand disease$h[electronic resource].
=260  \\$bImperial College London,$c2009.
=300  \\$ap. :$bdigital, PDF file.
=336  \\$atext$2rdacontent
=337  \\$acomputer$2rdamedia
=338  \\$aonline resource$2rdacarrier
=502  \\$aThesis (M.D.)--Imperial College London, 2009.
=504  \\$aIncludes bibliographical references.
=520  3\$aRheumatoid arthritis (RA) is a chronic, systemic, inflammatory condition affecting 1-3% of the world population. Half of all patients with RA have tendon involvement. This often leads to multiple tendon ruptures. Tendon rupture is a strong indicator of poor, long-term, hand function. When tendons rupture, painful reconstructive surgery is currently the only way of restoring useful hand function. Patients with RA also develop characteristic deformities which often interfere with hand function. These include swan-neck, boutonniere and ulnar drift deformities. In particular, the development of ulnar drift in RA hands has always been very difficult to explain and is equally difficult to correct surgically. Local hypoxia and angiogenesis are recognised as key events which may initiate and perpetuate joint destruction in RA. More recently, they have also been shown to be important in tendon rupture. Previous studies carried out by our group used a microelectrode technique to demonstrate that invasive tenosynovium in RA patients is markedly hypoxic compared to tenosynovium in patients without RA. The results of these studies led us to conclude that hypoxia plays a key role in initiating and perpetuating tendon destruction in the same way that hypoxia affects RA joints. Therefore, my research set out to investigate the role of tissue hypoxia in tendon rupture in more detail. To further investigate the effects of hypoxia in RA, synovial tissue was harvested and cultured under either hypoxic (1% O₂) or normoxic (21% O₂) conditions. Under hypoxic conditions, I observed a significant upregulation of the matrix metalloproteinases (MMP) responsible for collagen breakdown. This upregulation was inhibited in the presence of a universal blocker for MMP. The expression of angiogenic stimuli such as vascular endothelial growth factor was also increased and crucially, my data showed that hypoxia increases the angiogenic drive of RA cells, as demonstrated by enhanced blood vessel formation in an in-vitro angiogenesis functional assay. In this way, I was able to show that hypoxia creates a stimulus for RA tenosynovium which is pro-angiogenic and pro-invasive facilitating the tendon ruptures observed in RA. This has not previously been demonstrated. Intrinsic muscle dysfunction has been suggested as one of the mechanisms for the development of ulnar drift in RA hands. To investigate the possible link between hypoxia and ulnar drift, I speculated that the weakness and dysfunction of the intrinsic muscles observed in RA hands may also be due to hypoxia. Direct measurement of tissue oxygen in the intrinsic muscles of the RA hand has never been performed. Using our microelectrode technique, I found that the intrinsic muscles of RA patients undergoing elective surgery (n=30) are significantly more hypoxic than the intrinsic muscles of patients without RA (n=30). Within the RA group, I also observed a spatial trend for increasing hypoxia in the intrinsic muscles going from radial to ulnar. There was a further trend for increasing hypoxia moving from proximal to distal in the upper limb. My data confirmed that the intrinsic muscles are the most hypoxic. Therefore, it seems possible that hypoxia may at the very least contribute to the intrinsic muscle contracture and atrophy which are commonly observed in the RA hand. In so doing, intrinsic muscle hypoxia may contribute to the development of ulnar drift and the other deformities in the hand of RA patients. These findings have also never been demonstrated before. Many of the drugs currently used to treat RA (including anti-TNF drugs) fail to prevent inflammation of the tenosynovium in the hand in a significant proportion of patients. We are also unaware of any treatments to block, reverse or ameliorate the effects of chronic muscle hypoxia. These findings may explain why many of the disabling effects of RA often continue despite otherwise adequate control of pain and other symptoms, especially in the hand. This study represents a further step forward on the path to understanding the debilitating effects of RA in the hand and may lead to the development of new treatments to prevent them.
=536  \\$aSponsored by: RAFT, Royal College of Surgeons, Dunhill Medical Trust
=538  \\$aMode of access: World Wide Web.
=710  2\$aImperial College, London.
=852  4\$aBritish Library$bDSC$cDRT$j513471
=856  40$uhttp://hdl.handle.net/10044/1/5499
=859  \\$aXLD$bEThOS
=CAT  \\$aETHOSBKLG$b00$c20111010$lBLL01$h1535
=CAT  \\$aETHOSBKLG$c20111010$lBLL01$h1607
=CAT  \\$aETHOSBKLG$c20111010$lBLL01$h1631
=CAT  \\$aBATCH$b00$c20111010$lBLL01$h1823
=CAT  \\$aBATCH-UPD$b00$c20121030$lBLL01$h1022
=CAT  \\$aWR13.117$c20130727$lBLL01$h2009
=CAT  \\$aWR13.144/5$c20140418$lBLL01$h1028
=CAT  \\$aBATCH-ETHO$b00$c20140502$lBLL01$h0139
=DRT  \\$aETHOS
=FIN  \\$aY$d20111010
=FMT  \\$a  BK
=LAS  \\$aBATCH-ETHO$b00$c20140502$lBLL01$h0139
=SRC  \\$aEThOS$bethos_marc_111007.mrc
=STA  \\$aSUPPRESSED$bEThOS can't supply or embargoed

