=LDR  04191 am a22004697a 4500
=001  015923722
=003  Uk
=005  20111010153530.0
=006  m\\\\\\\\d\\\\\\\\
=007  cr\|||||||||||
=008  101031s2009\\\\xxk\\\\\sbm\\\000\0\eng\\
=040  \\$aUk$beng$cUk
=082  04$a616.994$223
=100  1\$aYakoub, Danny.
=245  10$aMetabonomic profiling of oesophageal cancer$h[electronic resource].
=260  \\$bImperial College London,$c2009.
=300  \\$ap. :$bdigital, PDF file.
=336  \\$atext$2rdacontent
=337  \\$acomputer$2rdamedia
=338  \\$aonline resource$2rdacarrier
=502  \\$aThesis (Ph.D.)--Imperial College London, 2009.
=504  \\$aIncludes bibliographical references.
=520  3\$aBackground and aims: Early detection of oesophageal cancer is the most effective strategy to improve its outcome. The thesis explores the metabolic characteristics of oesophageal tumours as compared to normal tissue from same patients as well as that from healthy individuals. The aim is to characterise the basic metabolic profile of oesophageal cancer, detect possible evidence of field cancerization and to characterise effect of chemotherapy on oesophageal cancer tissue. The clinical benefit is to develop a non-invasive early test to be translated to the bed side/laboratory practice for screening, diagnosis and prediction of response to chemotherapy for patients with oesophageal tumours. Methods: Using ¹H Magic Angle Spinning-Nuclear Magnetic Resonance (MAS-NMR) spectroscopy of intact tissue, we generated metabolic profiles of tumour tissue, proximal histologically normal mucosa from cancer patients (PHINOM) and mucosa from a control group. Using multivariate regression and receiver-operator characteristic analysis we were able to identify a panel of metabolites discriminating malignant and histologically-normal tissues from cancer patients from that of controls. Results: While 26% and 12% of the spectral profile regions were uniquely discriminating tumour or control tissue respectively, 5% of the profile exhibited a significant progressive change in signal intensity from controls to PHINOM to tumour. Regions identified were assigned to phosphocholine, glutamate, myo-inositol, adenosine-containing compounds, uridine containing compounds and inosine. In particular, the phosphocholine to glutamate metabolite ratio in histologically-normal tissue signified the presence of oesophageal cancer (n=123, AUC 0.84, p<0.001). Metabolites that were found to be significantly altered in correlation to response to chemotherapy are lysine, glutathione, creatine, taurine, uracil and tyrosine. Conclusion: The results of the study enable better understanding of the metabolic perturbations in oesophageal cancer. The findings support the hypothesis that field effects are present in oesophageal cancer, even in the absence of Barrett's oesophagus. This indicates that metabolic profiling of tissue can potentially play a role in the surveillance of cancer especially in high risk groups. It also shows the potential of using this methodology to study the prediction of response to chemotherapy. This helps aiding the clinical decision-making process and the implementation of personalized treatment protocols for different patients according to their disease extent and potential for response to chemotherapeutics.
=538  \\$aMode of access: World Wide Web.
=710  2\$aImperial College, London.
=852  4\$aBritish Library$bDSC$cDRT$j513472
=856  40$uhttp://hdl.handle.net/10044/1/5500
=859  \\$aXLD$bEThOS
=CAT  \\$aETHOSBKLG$b00$c20111010$lBLL01$h1535
=CAT  \\$aETHOSBKLG$c20111010$lBLL01$h1607
=CAT  \\$aETHOSBKLG$c20111010$lBLL01$h1631
=CAT  \\$aBATCH$b00$c20111010$lBLL01$h1823
=CAT  \\$aBATCH-UPD$b00$c20121030$lBLL01$h1022
=CAT  \\$aWR13.117$c20130727$lBLL01$h2009
=CAT  \\$aWR13.144/5$c20140418$lBLL01$h1028
=CAT  \\$aBATCH-ETHO$b00$c20140502$lBLL01$h0139
=DRT  \\$aETHOS
=FIN  \\$aY$d20111010
=FMT  \\$a  BK
=LAS  \\$aBATCH-ETHO$b00$c20140502$lBLL01$h0139
=SRC  \\$aEThOS$bethos_marc_111007.mrc
=STA  \\$aSUPPRESSED$bEThOS can't supply or embargoed

