=LDR  03684 am a22004937a 4500
=001  015923723
=003  Uk
=005  20111010153530.0
=006  m\\\\\\\\d\\\\\\\\
=007  cr\|||||||||||
=008  111010s2009\\\\xxk\\\\\sbm\\\000\0\eng\\
=040  \\$aUk$beng$cUk$dUk
=082  04$a003.5$223
=100  1\$aZhao, Xiaowei.
=245  10$aModelling and control of coupled infinite-dimensional systems$h[electronic resource].
=260  \\$bImperial College, London,$c2009.
=300  \\$ap. :$bdigital, PDF file.
=336  \\$atext$2rdacontent
=337  \\$acomputer$2rdamedia
=338  \\$aonline resource$2rdacarrier
=502  \\$aThesis (Ph.D.)--Imperial College London, 2009.
=504  \\$aIncludes bibliographical references.
=520  3\$aFirst, we consider two classes of coupled systems consisting of an infinite-dimensionalpart [sigma]d and a finite-dimensional part [sigma]f connected in feedback. In the first class of coupledsystems, we assume that the feedthrough matrix of [sigma]f is 0 and that [sigma]d is such thatit becomes well-posed and strictly proper when connected in cascade with an integrator. Under several assumptions, we derive well-posedness, regularity and exact (or approximate)controllability results for such systems on a subspace of the natural product statespace. In the second class of coupled systems, [sigma]f has an invertible first component in itsfeedthrough matrix while [sigma]d is well-posed and strictly proper. Under similar assumptions,we obtain well-posedness, regularity and exact (or approximate) controllability results aswell as exact (or approximate) observability results for this class of coupled systems onthe natural state space. Second, we investigate the exact controllability of the SCOLE (NASA Spacecraft ControlLaboratory Experiment) model. Using our theory for the first class of coupled systems,we show that the uniform SCOLE model is well-posed, regular and exactly controllablein arbitrarily short time when using a certain smoother state space. Third, we investigate the suppression of the vibrations of a wind turbine tower usingcolocated feedback to achieve strong stability. We decompose the system into anon-uniform SCOLE model describing the vibrations in the plane of the turbine axis,and another model consisting of a non-uniform SCOLE system coupled with a two-mass drive-train model (with gearbox), in the plane of the turbine blades. We show the strongstabilizability of the first tower model by colocated static output feedback. We also provethe generic exact controllability of the second tower model on a smoother state spaceusing our theory for the second class of coupled systems, and show its generic strongstabilizability on the energy state space by colocated feedback.
=536  \\$aSponsored by: EPSRC, ORSAS
=538  \\$aMode of access: World Wide Web.
=710  2\$aImperial College, London.
=852  4\$aBritish Library$bDSC$cDRT$j513473
=856  40$uhttp://hdl.handle.net/10044/1/5501
=859  \\$aXLD$bEThOS
=CAT  \\$aETHOSBKLG$b00$c20111010$lBLL01$h1535
=CAT  \\$aETHOSBKLG$c20111010$lBLL01$h1607
=CAT  \\$aETHOSBKLG$c20111010$lBLL01$h1631
=CAT  \\$aBATCH$b00$c20111010$lBLL01$h1823
=CAT  \\$aBATCH-UPD$b00$c20121030$lBLL01$h1022
=CAT  \\$aWR13.117$c20130727$lBLL01$h2009
=CAT  \\$aWR13.144/5$c20140418$lBLL01$h1028
=CAT  \\$aBATCH-ETHO$b00$c20140502$lBLL01$h0139
=CAT  \\$aBATCH-ETH8$c20170506$lBLL01$h1041
=DRT  \\$aETHOS
=FIN  \\$aY$d20111010
=FMT  \\$a  BK
=LAS  \\$aBATCH-ETH8$b00$c20170506$lBLL01$h1041
=SRC  \\$aEThOS$bethos_marc_111007.mrc
=STA  \\$aSUPPRESSED$bEThOS can't supply or embargoed

