=LDR  03425 am a22004817a 4500
=001  015923724
=003  Uk
=005  20111010153530.0
=006  m\\\\\\\\d\\\\\\\\
=007  cr\|||||||||||
=008  111010s2009\\\\xxk\\\\\sbm\\\000\0\eng\\
=040  \\$aUk$beng$cUk$dUk
=082  04$a535$223
=100  1\$aSeem, Peter R.
=245  10$aOptical scattering for security applications$h[electronic resource].
=260  \\$bImperial College, London,$c2009.
=300  \\$ap. :$bdigital, PDF file.
=336  \\$atext$2rdacontent
=337  \\$acomputer$2rdamedia
=338  \\$aonline resource$2rdacarrier
=502  \\$aThesis (Ph.D.)--Imperial College London, 2009.
=504  \\$aIncludes bibliographical references.
=520  3\$aLaser Surface Authentication (LSA) has emerged in recent years as a potentially disruptive tracking and authentication technology. A strong need for such a solution in a variety of industries drove the implementation of the technology faster than the scientific understanding could keep up. The drive to miniaturise and simplify, the need to be robust against real-world problems like damage and misuse, and not least, intellectual curiosity, make it clear that a firmer scientific footing is important as the technology matures. Existing scattering and biometric work are reviewed, and LSA is introduced as a technology. The results of field-work highlight the restrictions which are encountered when the technology is applied. Analysis of the datasets collected in the trial provide, first, an indication of the performance of LSA under real-world conditions and, second, insight into the potential shortcomings of the technique. Using the particulars of the current sensor?s geometry, the LSA signal is characterised. Measurements are made of the decorrelation of the signature with linear and rotational offsets, and it is concluded that while surface microstructure has a strong impact on the rate of decorrelation, this dependency is not driven by the surface?s feature size. A new series of experiments examine that same decorrelation for interference effects with different illumination conditions, and conclude that laser speckle is not an adequate explanation for the phenomenon. The results of this experimental work inform a mathematical description of LSA based on a combination of existing bi-static scattering models used in physics and ray-tracing, which is implemented numerically. The results of the model are found to be a good fit to experimental work, and new predictions are made about LSA.
=538  \\$aMode of access: World Wide Web.
=710  2\$aImperial College, London.
=852  4\$aBritish Library$bDSC$cDRT$j513474
=856  40$uhttp://hdl.handle.net/10044/1/5502
=859  \\$aXLD$bEThOS
=CAT  \\$aETHOSBKLG$b00$c20111010$lBLL01$h1535
=CAT  \\$aETHOSBKLG$c20111010$lBLL01$h1607
=CAT  \\$aETHOSBKLG$c20111010$lBLL01$h1631
=CAT  \\$aBATCH$b00$c20111010$lBLL01$h1823
=CAT  \\$aBATCH-UPD$b00$c20121030$lBLL01$h1022
=CAT  \\$aWR13.117$c20130727$lBLL01$h2009
=CAT  \\$aWR13.144/5$c20140418$lBLL01$h1028
=CAT  \\$aBATCH-ETHO$b00$c20140502$lBLL01$h0139
=CAT  \\$aBATCH-ETH8$c20170506$lBLL01$h1041
=DRT  \\$aETHOS
=FIN  \\$aY$d20111010
=FMT  \\$a  BK
=LAS  \\$aBATCH-ETH8$b00$c20170506$lBLL01$h1041
=SRC  \\$aEThOS$bethos_marc_111007.mrc
=STA  \\$aSUPPRESSED$bEThOS can't supply or embargoed

