=LDR  04386 am a22004937a 4500
=001  015923725
=003  Uk
=005  20111010153530.0
=006  m\\\\\\\\d\\\\\\\\
=007  cr\|||||||||||
=008  111010s2009\\\\xxk\\\\\sbm\\\000\0\eng\\
=040  \\$aUk$beng$cUk$dUk
=082  04$a669.9$223
=100  1\$aBélanger, Pierre.
=245  10$aFeasibility of thickness mapping using ultrasonic guided waves$h[electronic resource].
=260  \\$bImperial College, London,$c2009.
=300  \\$ap. :$bdigital, PDF file.
=336  \\$atext$2rdacontent
=337  \\$acomputer$2rdamedia
=338  \\$aonline resource$2rdacarrier
=502  \\$aThesis (Ph.D.)--Imperial College London, 2009.
=504  \\$aIncludes bibliographical references.
=520  3\$aDetection and sizing of corrosion in pipelines and pressure vessels over large, partiallyaccessible areas is of growing interest in the petrochemical and nuclear industries. Traditionally, conventional ultrasonic thickness gauging and eddy current techniqueshave been used to precisely measure the thickness in structures. These techniquesonly allow the measurement of the local thickness under the probe. Consequentlyobtaining the remnant thickness of a specimen over a large area requires the probe tobe scanned, which is a long and tedious process. Moreover, with these techniques,the scanning may become impossible when the area of inspection is inaccessible. There is therefore a need for a rapid, accurate, long range inspection technique tomeasure the remaining thickness in corrosion patches. Low frequency guided waves are now routinely used to screen large area of pipes andother structures for cracks and corrosion. Their detection and location capability isvery good, but the standard screening technique only gives a rough estimate of theremaining wall thickness. Guided waves have multiple properties which can be usedfor thickness mapping over large partially accessible areas e.g. dispersion and cutofffrequency thickness product of the high order modes. The present work aims to demonstrate the potential of guided waves for thicknessmapping over large partially accessible areas. It starts with a general introductionon ultrasonic guided waves and a literature review of the different techniques for theevaluation of thickness with guided waves. The severity of the errors introduced intime-of-flight tomography for thickness reconstruction by breaking the assumptionof the ray theory are investigated. As these errors are significant, the possibility ofusing the cutoff property of the high order modes is investigated in a frequency rangewhere the ray theory is valid. It is found that the attenuation due to the scatteringof the waves in corrosion is too large for this technique to work. Finally the use oflow frequency guided wave for diffraction tomography is examined. Finite elementsimulations of a 64 element circular array on a plate show that when the scatteringmechanism of the object to be reconstructed satisfies the Born approximation the reconstruction of the thickness is accurate. However the practical implementation ismore challenging when the incident field is not known. Experimental results demonstratethat ultimately the scattering from the array of transducer is a major sourceof error in the tomographic reconstruction, but when there is no scattering fromthe array of transducers the reconstructions are very similar to the finite elementsimulations.
=538  \\$aMode of access: World Wide Web.
=710  2\$aImperial College, London.
=852  4\$aBritish Library$bDSC$cDRT$j513475
=856  40$uhttp://hdl.handle.net/10044/1/5503
=859  \\$aXLD$bEThOS
=CAT  \\$aETHOSBKLG$b00$c20111010$lBLL01$h1535
=CAT  \\$aETHOSBKLG$c20111010$lBLL01$h1607
=CAT  \\$aETHOSBKLG$c20111010$lBLL01$h1631
=CAT  \\$aBATCH-UPD$b00$c20111010$lBLL01$h1703
=CAT  \\$aBATCH$b00$c20111010$lBLL01$h1823
=CAT  \\$aBATCH-UPD$b00$c20121030$lBLL01$h1022
=CAT  \\$aWR13.117$c20130727$lBLL01$h2009
=CAT  \\$aWR13.144/5$c20140418$lBLL01$h1028
=CAT  \\$aBATCH-ETHO$b00$c20140502$lBLL01$h0139
=CAT  \\$aBATCH-ETH8$c20170506$lBLL01$h1041
=DRT  \\$aETHOS
=FIN  \\$aY$d20111010
=FMT  \\$a  BK
=LAS  \\$aBATCH-ETH8$b00$c20170506$lBLL01$h1041
=SRC  \\$aEThOS$bethos_marc_111007.mrc
=STA  \\$aSUPPRESSED$bEThOS can't supply or embargoed

