=LDR  03928 am a22004937a 4500
=001  015923726
=003  Uk
=005  20111010153530.0
=006  m\\\\\\\\d\\\\\\\\
=007  cr\|||||||||||
=008  111010s2009\\\\xxk\\\\\sbm\\\000\0\eng\\
=040  \\$aUk$beng$cUk$dUk
=082  04$a591.7$223
=100  1\$aPapadopoulou, Anna.
=245  10$aPhylogeography of Tenebrionid beetles in the Aegean archipelago$h[electronic resource].
=260  \\$bImperial College, London,$c2009.
=300  \\$ap. :$bdigital, PDF file.
=336  \\$atext$2rdacontent
=337  \\$acomputer$2rdamedia
=338  \\$aonline resource$2rdacarrier
=502  \\$aThesis (Ph.D.)--Imperial College London, 2009.
=504  \\$aIncludes bibliographical references.
=520  3\$aThe Aegean archipelago, which has a mostly continental origin, provides a 'natural laboratory' to explore the effects of dispersal limitation on population and community structure. This thesis investigated the phylogeographic, genetic diversity and species richness patterns of the darkling beetles (Coleoptera: Tenebrionidae) of the central Aegean islands. Sampling was conducted on 30 islands and the corresponding coasts of Greece and Turkey and several individuals per taxon and locality were sequenced for mitochondrial and nuclear markers. The generated sequence data were used to: reconstruct phylogenies, calculate population genetic parameters, apply DNA-based species delineation methods, estimate substitution rates and assess macroecological patterns. The results show that many of the existing taxonomic names do not reflect the genetic diversification processes in the archipelago. The majority of the morphological species are split into several geographically confined clades, recognised as 'independently coalescing entities'. Habitat preference and wing development were identified as two major factors affecting phylogeographic structure, genetic diversity and macroecological patterns. Differences in dispersal propensity were observed between psammophilic taxa inhabiting ephemeral coastal sandy habitats and geophilic taxa associated with presumably stable compact-soil habitats. The widespread geophilic lineages were found to be deeply subdivided along the biogeographic barrier of the 'mid-Aegean trench', and the age of this geological event was used as a calibration point to estimate substitution rates and reassess the standard insect mitochondrial molecular clock. A positive species-genetic diversity correlation was recorded, driven primarily by island sizes and geographic distances, while certain macroecological regularities such as the species-area curve and the distance-decay of similarity relationship could be described at both species and haplotype level. This study demonstrated how palaeogeography, contemporary geography and habitat persistence interact with stochastic processes at population and community level to shape the observed diversity patterns of the Aegean tenebrionid fauna.
=536  \\$aSponsored by: IKY, Natural History Museum
=538  \\$aMode of access: World Wide Web.
=710  2\$aImperial College, London.
=852  4\$aBritish Library$bDSC$cDRT$j513476
=856  40$uhttp://hdl.handle.net/10044/1/5504
=859  \\$aXLD$bEThOS
=CAT  \\$aETHOSBKLG$b00$c20111010$lBLL01$h1535
=CAT  \\$aETHOSBKLG$c20111010$lBLL01$h1607
=CAT  \\$aETHOSBKLG$c20111010$lBLL01$h1631
=CAT  \\$aBATCH$b00$c20111010$lBLL01$h1823
=CAT  \\$aBATCH-UPD$b00$c20121030$lBLL01$h1022
=CAT  \\$aWR13.117$c20130727$lBLL01$h2009
=CAT  \\$aWR13.144/5$c20140418$lBLL01$h1028
=CAT  \\$aBATCH-ETHO$b00$c20140502$lBLL01$h0139
=CAT  \\$aBATCH-ETH8$c20170506$lBLL01$h1041
=DRT  \\$aETHOS
=FIN  \\$aY$d20111010
=FMT  \\$a  BK
=LAS  \\$aBATCH-ETH8$b00$c20170506$lBLL01$h1041
=SRC  \\$aEThOS$bethos_marc_111007.mrc
=STA  \\$aSUPPRESSED$bEThOS can't supply or embargoed

