=LDR  03628 am a22004937a 4500
=001  015923727
=003  Uk
=005  20111010153530.0
=006  m\\\\\\\\d\\\\\\\\
=007  cr\|||||||||||
=008  111010s2009\\\\xxk\\\\\sbm\\\000\0\eng\\
=040  \\$aUk$beng$cUk$dUk
=082  04$a621.89$223
=100  1\$aManzoor, Aswad Shiraz.
=245  10$aFluorescence imaging of lubricants in microtextured bearings$h[electronic resource].
=260  \\$bImperial College, London,$c2009.
=300  \\$ap. :$bdigital, PDF file.
=336  \\$atext$2rdacontent
=337  \\$acomputer$2rdamedia
=338  \\$aonline resource$2rdacarrier
=502  \\$aThesis (Ph.D.)--Imperial College London, 2009.
=504  \\$aIncludes bibliographical references.
=520  3\$aThe work described here concerns the possibility that textured surfaces may reduce coefficients of friction and increase load support within hydrodynamic bearings. This topic is of particular interest in the context of the potential of texturing to reduce friction in internal combustion engines using techniques adapted to suit high volume production, such as Laser Honing. Despite the existence of a number of theoretical explanations (which include shear rate reduction, inlet suction, effect of the presence of cavitation and the mitigation of starvation) and numerous experimental reports as to the effect of texture on friction, there has been no simultaneous study of friction, cavitation and oil film thickness in textured hydrodynamic bearings. This is because such studies are difficult. One must address certain barriers which include the large range of oil film thicknesses encountered and the need for accurately known feature dimensions on the surfaces in question. A new test rig has been designed and constructed that enables the simultaneous measurement of friction, load and oil film thickness. Novel features include a rotating glass disc on a silicon pad, a high-sensitivity fluorescence imaging microscope system to determine the oil film thickness and a non-contact displacement sensor for friction measurement. The process of photolithography was used to accurately produce predetermined textures on silicon surfaces. Tests were conducted on convergent plain and textured silicon pads whilst concurrently monitoring friction, load, cavitation (if present) and oil film thicknesses. The results were compared to theoretical predictions based upon the solution of Reynolds equation, with cavitation, in two dimensions. Results show broad agreement with the theoretical predictions and suggest that textured surfaces may be either beneficial or detrimental according to both their geometry and the operating conditions.
=536  \\$aSponsored by: Ford Motor Company
=538  \\$aMode of access: World Wide Web.
=710  2\$aImperial College, London.
=852  4\$aBritish Library$bDSC$cDRT$j513477
=856  40$uhttp://hdl.handle.net/10044/1/5505
=859  \\$aXLD$bEThOS
=CAT  \\$aETHOSBKLG$b00$c20111010$lBLL01$h1535
=CAT  \\$aETHOSBKLG$c20111010$lBLL01$h1607
=CAT  \\$aETHOSBKLG$c20111010$lBLL01$h1631
=CAT  \\$aBATCH$b00$c20111010$lBLL01$h1823
=CAT  \\$aBATCH-UPD$b00$c20121030$lBLL01$h1022
=CAT  \\$aWR13.117$c20130727$lBLL01$h2009
=CAT  \\$aWR13.144/5$c20140418$lBLL01$h1028
=CAT  \\$aBATCH-ETHO$b00$c20140502$lBLL01$h0139
=CAT  \\$aBATCH-ETH8$c20170506$lBLL01$h1041
=DRT  \\$aETHOS
=FIN  \\$aY$d20111010
=FMT  \\$a  BK
=LAS  \\$aBATCH-ETH8$b00$c20170506$lBLL01$h1041
=SRC  \\$aEThOS$bethos_marc_111007.mrc
=STA  \\$aSUPPRESSED$bEThOS can't supply or embargoed

