=LDR  03926 am a22004937a 4500
=001  015923728
=003  Uk
=005  20111010153530.0
=006  m\\\\\\\\d\\\\\\\\
=007  cr\|||||||||||
=008  111010s2009\\\\xxk\\\\\sbm\\\000\0\eng\\
=040  \\$aUk$beng$cUk$dUk
=082  04$a669$223
=100  1\$aIlly, Benoit.
=245  10$aElectrodeposition of zinc oxide nanostructured films$h[electronic resource].
=260  \\$bImperial College, London,$c2009.
=300  \\$ap. :$bdigital, PDF file.
=336  \\$atext$2rdacontent
=337  \\$acomputer$2rdamedia
=338  \\$aonline resource$2rdacarrier
=502  \\$aThesis (Ph.D.)--Imperial College London, 2009.
=504  \\$aIncludes bibliographical references.
=520  3\$aZnO nanostructures have great promise in a wide range of applications such as sensors, optoelectronics, piezoelectronics, healthcare. Preparation of oxide films by electrodeposition from aqueous solution presents several advantages over other techniques such as controlling the rate and morphology through several well-defined parameters (electrode potential, current, temperature, pH, etc.), the fact that electrolytic processing is a well-established technology and readily scalable for production, and the non-equilibrium nature of the electrochemical interface often gives rise to morphologies and compositions not attainable through other, usually high-temperature, routes. Despite a large amount of research in this area the detailed mechanism of nucleation and growth is still controversial. Only a good understanding of it will allow the expected industrial applications to be achieved. One of the main difficulties to overcome is that tiny amounts of material are involved and the required in-situ measurements are thus very delicate. The ability of synchrotron radiation to probe material structure during deposition makes it the ideal tool for the study of nucleation and growth of these materials as a function of the processing parameters. Here we will present two synchrotron-based approaches involving both X-ray absorption and scattering. The first method, together with ex-situ characterisation, provides detailed information about how the kinetics of the growth and/or dissolution is influenced by the electrochemical parameters. The effect of time, potential, zinc ions concentration, oxygen precursor, temperature and electrolyte composition have been studied. Following this understanding of the influence of the parameters, films of desired structure can be synthesised and new structures have been made. Beside the electrochemical parameters, the growth of the film is influenced by the interaction with substrate in the early stage of nucleation. The second synchrotron technique allows the direct observation of the development of the crystal orientation ofthe films during the deposition. It gives promising results to study how the substrate influences the growth and thus the properties of the films.
=536  \\$aSponsored by: Foundation for Research, Science and Technology
=538  \\$aMode of access: World Wide Web.
=710  2\$aImperial College, London.
=852  4\$aBritish Library$bDSC$cDRT$j513478
=856  40$uhttp://hdl.handle.net/10044/1/5506
=859  \\$aXLD$bEThOS
=CAT  \\$aETHOSBKLG$b00$c20111010$lBLL01$h1535
=CAT  \\$aETHOSBKLG$c20111010$lBLL01$h1607
=CAT  \\$aETHOSBKLG$c20111010$lBLL01$h1631
=CAT  \\$aBATCH$b00$c20111010$lBLL01$h1823
=CAT  \\$aBATCH-UPD$b00$c20121030$lBLL01$h1022
=CAT  \\$aWR13.117$c20130727$lBLL01$h2009
=CAT  \\$aWR13.144/5$c20140418$lBLL01$h1028
=CAT  \\$aBATCH-ETHO$b00$c20140502$lBLL01$h0139
=CAT  \\$aBATCH-ETH8$c20170506$lBLL01$h1041
=DRT  \\$aETHOS
=FIN  \\$aY$d20111010
=FMT  \\$a  BK
=LAS  \\$aBATCH-ETH8$b00$c20170506$lBLL01$h1041
=SRC  \\$aEThOS$bethos_marc_111007.mrc
=STA  \\$aSUPPRESSED$bEThOS can't supply or embargoed

