=LDR  05457 am a22004937a 4500
=001  015923731
=003  Uk
=005  20111010153530.0
=006  m\\\\\\\\d\\\\\\\\
=007  cr\|||||||||||
=008  111010s2009\\\\xxk\\\\\sbm\\\000\0\eng\\
=040  \\$aUk$beng$cUk$dUk
=082  04$a676$223
=100  1\$aKusumoto, Hiroko.
=245  10$aCharacterisation of Mg, Sr, and Zn containing fluoro-aluminosilicate glasses and their glass polyalkenoate cements$h[electronic resource].
=260  \\$bImperial College, London,$c2009.
=300  \\$ap. :$bdigital, PDF file.
=336  \\$atext$2rdacontent
=337  \\$acomputer$2rdamedia
=338  \\$aonline resource$2rdacarrier
=502  \\$aThesis (Ph.D.)--Imperial College London, 2009.
=504  \\$aIncludes bibliographical references.
=520  3\$aThe glass polyalkenoate cements (GPCs) are formed by the acid-base reactionbetween fluoro-aluminosilicate glasses and polycarboxylic acid in the presence ofwater. Three series of glasses were produced by modifiying glass LG26 [32.1SiO2.21.4Al2O3. 10.7P2O5. 21.4CaO. 14.3CaF2] (mole %). In the first series, calcium wassubstituted by magnesium, and in the second series, calcium in the first series wassubstituted by strontium. The last series were zinc substitution for calcium in LG26.These glasses were characterised by X-ray diffraction (XRD), magic angle spinningnuclear magnetic resonance (MAS-NMR) spectroscopy and differential scanningcalorimetry (DSC). The gradual substitution of calcium by magnesium resulted in theformation of F-Mg(n) species and a disappearance of Al-F species on the 19F MAS-NMR.The 31P and 27Al MAS-NMR showed that all glasses contained Q1pyrophosphate Al-O-PO33- species. In addition, the fully magnesium substituted glassshowed the possible formation of magnesium pyrophosphate, Mg2P2O7. The fully zincsubstituted glass, however, showed only Al-O-PO33- species charge balanced by Zn2+.An increase in Al(V) species was observed on the 27Al MAS-NMR with the fullymagnesium and zinc substituted glasses. The presence of magnesium also increasedthe number of bridging oxygen on SiO4 tetrahedra, but the presence of zinc affectedthe Q structure of the aluminosilicate network less. GPCs with these glasses wereformed with poly (acrylic acid) (PAA) and L-(+)-tartaric acid. The setting reaction ofselected cements was studied by 19F, 31P and 27Al MAS-NMR spectroscopy. F-Ca(n)species were clearly shown to be consumed for cement formulation, and F-Mg(n)species were still present in the 19F MAS-NMR spectra of the magnesium containingcements. The Al-O-PO33- species were present in the cement. The conversion toAl(VI) from Al(IV) and Al(V) was observed by deconvoluting the 27Al MAS-NMRspectra. The experimental ratio of Al(VI):Al(IV)+Al(V) was higher than thetheoretical ratio which may have resulted from the possibility of L-(+)-tartaric acidbeing involved in the Al conversion during the setting reaction. The working andsetting times increased with magnesium substitution, but did not change with zincsubstitution for calcium. The compressive strengths decreased with magnesiumsubstitution, possibly resulting from the preferential crosslinking between Mg2+ andCOO-. The highest release of fluoride was observed from the fully magnesiumsubstituted cements. Another series of glasses [34.0SiO2. 22.6Al2O3. 5.7P2O5. (22.6-x)SrO. xZnO.15.1SrF2] (mole %) was produced for formulating GPCs with poly (?-glutamic acid),PgGA. All the glasses have Al-O-PO33- species with no change in the phosphorusenvironment with zinc substitution for strontium. Al(IV) was found to be the majoraluminium species with a small presence of Al(V) and Al(VI). The Q structures of allthe glasses were found to be a mixture of Q4(4Al) and Q3(3Al). Similarly, DSCshowed a negligible change with zinc substitution for strontium. For cementformulations with PgGA, a co-polymer of PAA and poly (but-3-ene 1,2,4-tricarboxylic acid) was used due to the lower reactivity of PgGA than PAA, andcements with different proportions of PgGA and the co-polymer were formed. Theworking and setting times increased with PgGA content and zinc substitution. On thecontrary, the compressive strengths decreased with PgGA content. The highest zinccontaining cements in the series showed the highest compressive strength. A longtermfluoride release measurement showed the highest release from the highest PgGAcontaining cements, possibly resulting from the cements being less crosslinked. Therewas a slight increase in the adhesion to dentine.
=538  \\$aMode of access: World Wide Web.
=710  2\$aImperial College, London.
=852  4\$aBritish Library$bDSC$cDRT$j513481
=856  40$uhttp://hdl.handle.net/10044/1/5509
=859  \\$aXLD$bEThOS
=CAT  \\$aETHOSBKLG$b00$c20111010$lBLL01$h1535
=CAT  \\$aETHOSBKLG$c20111010$lBLL01$h1607
=CAT  \\$aETHOSBKLG$c20111010$lBLL01$h1631
=CAT  \\$aBATCH$b00$c20111010$lBLL01$h1823
=CAT  \\$aBATCH-UPD$b00$c20121030$lBLL01$h1022
=CAT  \\$aWR13.117$c20130727$lBLL01$h2009
=CAT  \\$aWR13.144/5$c20140418$lBLL01$h1028
=CAT  \\$aBATCH-ETHO$b00$c20140502$lBLL01$h0139
=CAT  \\$aBATCH$c20140530$lBLL01$h1831
=CAT  \\$aBATCH-ETH8$c20170506$lBLL01$h1041
=DRT  \\$aETHOS
=FIN  \\$aY$d20111010
=FMT  \\$a  BK
=LAS  \\$aBATCH-ETH8$b00$c20170506$lBLL01$h1041
=SRC  \\$aEThOS$bethos_marc_111007.mrc
=STA  \\$aSUPPRESSED$bEThOS can't supply or embargoed

