=LDR  03476 am a22004817a 4500
=001  015923732
=003  Uk
=005  20111010153530.0
=006  m\\\\\\\\d\\\\\\\\
=007  cr\|||||||||||
=008  111010s2009\\\\xxk\\\\\sbm\\\000\0\eng\\
=040  \\$aUk$beng$cUk$dUk
=082  04$a535$223
=100  1\$aCumberland, Burly.
=245  10$aWavelength extension in speciality fibres$h[electronic resource].
=260  \\$bImperial College, London,$c2009.
=300  \\$ap. :$bdigital, PDF file.
=336  \\$atext$2rdacontent
=337  \\$acomputer$2rdamedia
=338  \\$aonline resource$2rdacarrier
=502  \\$aThesis (Ph.D.)--Imperial College London, 2009.
=504  \\$aIncludes bibliographical references.
=520  3\$aSince the invention of the laser and its first application, there has been an almost continuousstream of new applications - many of which require specific laser sources. Theseapplications often require a laser source with a specific power, pulse duration, energyand wavelength. In some cases these demands are easily met, whilst in others they haveproven rather more difficult to achieve. Traditionally, wavelength versatility has beenlimited to the regions for which rare earth or gas gain media are available. These lasersthemselves can be used to generate other wavelengths through the nonlinear processes ofsecond and third harmonic generation, as well as sum frequency generation. Despite allof this, there still exists a significant section of the visible and infrared spectrum for whichno convenient sources exist. This thesis is concerned with the development of sources inthese regions along with broadband sources covering significant portions of the spectrumby themselves. These new wavelengths are generated in a variety of speciality fibres using eithernonlinear processes or new gain media doped into standard silica fibres. Three typesof speciality fibre are used: low concentration bismuth doped fibre which provides gainin the 1.0-1.4 ?m region; photonic crystal fibres; and very high (75%) concentrationgermanium fibres to generate a laser source at 2.1 ?m based upon stimulated Ramanscattering. Photonic crystal fibres provide high nonlinearities and controllable dispersionwhich enables the generation of broadband supercontinuum sources based upon theinteraction of many nonlinear effects. Each source will be described in depth, withparticular attention given to the underlying physics that gives rise to the source. Previousand current limitations will be examined and an outlook of the future development ofsuch sources will be discussed.
=538  \\$aMode of access: World Wide Web.
=710  2\$aImperial College, London.
=852  4\$aBritish Library$bDSC$cDRT$j513482
=856  40$uhttp://hdl.handle.net/10044/1/5510
=859  \\$aXLD$bEThOS
=CAT  \\$aETHOSBKLG$b00$c20111010$lBLL01$h1535
=CAT  \\$aETHOSBKLG$c20111010$lBLL01$h1607
=CAT  \\$aETHOSBKLG$c20111010$lBLL01$h1631
=CAT  \\$aBATCH$b00$c20111010$lBLL01$h1823
=CAT  \\$aBATCH-UPD$b00$c20121030$lBLL01$h1022
=CAT  \\$aWR13.117$c20130727$lBLL01$h2009
=CAT  \\$aWR13.144/5$c20140418$lBLL01$h1028
=CAT  \\$aBATCH-ETHO$b00$c20140502$lBLL01$h0139
=CAT  \\$aBATCH-ETH8$c20170506$lBLL01$h1041
=DRT  \\$aETHOS
=FIN  \\$aY$d20111010
=FMT  \\$a  BK
=LAS  \\$aBATCH-ETH8$b00$c20170506$lBLL01$h1041
=SRC  \\$aEThOS$bethos_marc_111007.mrc
=STA  \\$aSUPPRESSED$bEThOS can't supply or embargoed

