=LDR  03483 am a22004817a 4500
=001  015923733
=003  Uk
=005  20111010153530.0
=006  m\\\\\\\\d\\\\\\\\
=007  cr\|||||||||||
=008  111010s2009\\\\xxk\\\\\sbm\\\000\0\eng\\
=040  \\$aUk$beng$cUk$dUk
=082  04$a590$223
=100  1\$aKhot, Anna.
=245  14$aThe use of botanical synergists to increase the efficacy of natural pyrethrins$h[electronic resource].
=260  \\$bImperial College, London,$c2009.
=300  \\$ap. :$bdigital, PDF file.
=336  \\$atext$2rdacontent
=337  \\$acomputer$2rdamedia
=338  \\$aonline resource$2rdacarrier
=502  \\$aThesis (Ph.D.)--Imperial College London, 2009.
=504  \\$aIncludes bibliographical references.
=520  3\$aInsecticide resistance is an important aspect of pest control on both crop pests and vectors of animal diseases. Resistance can be caused by a number of mechanisms, one of which is enhanced detoxification of the insecticide by metabolic enzymes. Synergists may be used in insecticide formulations to inhibit metabolic defences in the insect, allowing the insecticide to reach its target site and kill the insect, thus enhancing the effect of the insecticide. This PhD project investigated the use of the synergist piperonyl butoxide (PBO) in combination with natural pyrethrins (tank mix) and as a pre-treatment prior to application of pyrethrins, as methods of enhancing the efficacy of the insecticide. The insects studied were Myzus persicae, Bemisia tabaci and Musca domestica. Results showed that the combination treatment (tank mix) was at least as good as, and sometimes better than, the pre-treatment. This is unlike the situation for synthetic pyrethroids where pre-treatments have been shown to be more effective than tank mixes. It is proposed that for natural pyrethrins, PBO aids the penetration of the pyrethrins into the insect, and this enhancement effect is greater than full inhibition of the metabolic enzymes. In some cases, the tank mix enabled less insecticide to be used to achieve 50% mortality in resistant insects, compared to a susceptible population treated with pyrethrins alone. A novel laboratory assay was developed to enable the screening of botanical extracts for their ability to inhibit esterase enzymes. This was used to test a range of compounds and those showing esterase inhibition were also screened for their ability to inhibit cytochrome P450 activity. The competency of some of these compounds as synergists was also tested in vivo with some showing potential activity both in vitro and in vivo.
=538  \\$aMode of access: World Wide Web.
=710  2\$aImperial College, London.
=852  4\$aBritish Library$bDSC$cDRT$j513484
=856  40$uhttp://hdl.handle.net/10044/1/5513
=859  \\$aXLD$bEThOS
=CAT  \\$aETHOSBKLG$b00$c20111010$lBLL01$h1535
=CAT  \\$aETHOSBKLG$c20111010$lBLL01$h1607
=CAT  \\$aETHOSBKLG$c20111010$lBLL01$h1631
=CAT  \\$aBATCH$b00$c20111010$lBLL01$h1823
=CAT  \\$aBATCH-UPD$b00$c20121030$lBLL01$h1022
=CAT  \\$aWR13.117$c20130727$lBLL01$h2009
=CAT  \\$aWR13.144/5$c20140418$lBLL01$h1028
=CAT  \\$aBATCH-ETHO$b00$c20140502$lBLL01$h0139
=CAT  \\$aBATCH-ETH8$c20170506$lBLL01$h1041
=DRT  \\$aETHOS
=FIN  \\$aY$d20111010
=FMT  \\$a  BK
=LAS  \\$aBATCH-ETH8$b00$c20170506$lBLL01$h1041
=SRC  \\$aEThOS$bethos_marc_111007.mrc
=STA  \\$aSUPPRESSED$bEThOS can't supply or embargoed

