=LDR  03781 am a22004937a 4500
=001  015923734
=003  Uk
=005  20111010153530.0
=006  m\\\\\\\\d\\\\\\\\
=007  cr\|||||||||||
=008  111010s2009\\\\xxk\\\\\sbm\\\000\0\eng\\
=040  \\$aUk$beng$cUk$dUk
=082  04$a300.1$223
=100  1\$aCookson, Graham.
=245  12$aA flexible multivariate conditional autoregression with application to road safety performance indicators$h[electronic resource].
=260  \\$bImperial College, London,$c2009.
=300  \\$ap. :$bdigital, PDF file.
=336  \\$atext$2rdacontent
=337  \\$acomputer$2rdamedia
=338  \\$aonline resource$2rdacarrier
=502  \\$aThesis (Ph.D.)--Imperial College London, 2009.
=504  \\$aIncludes bibliographical references.
=520  3\$aThere is a dearth of models for multivariate spatially correlated data recorded ona lattice. Existing models incorporate some combination of three correlation terms:(i) the correlation between the multiple variables within each site, (ii) the spatialautocorrelation for each variable across the lattice, and (iii) the correlation betweeneach variable at one site and a different variable at a neighbouring site. These maybe thought of as correlation, spatial autocorrelation and spatial cross-correlationparameters respectively. This thesis develops a exible multivariate conditional autoregression model wherethe spatial cross-correlation is asymmetric. A comparison of the performance of theFMCAR with existing MCARs is performed through a simulation exercise. TheFMCAR compares well with the other models, in terms of model fit and shrinkage,when applied to a range of simulated data. However, the FMCAR out performs allof the existing MCAR models when applied to data with asymmetric spatial crosscorrelations. To demonstrate the model, the FMCAR model is applied to road safetyperformance indicators. Namely, casualty counts by mode and severity for vulnerableroad users in London, taken from the STATS19 dataset for 2006. However,by exploiting correlation between multiple performance indicators within localauthorities and spatial auto and cross-correlation for the variables across localauthorities, the FMCAR results in considerable shrinkage of the estimates oflocal authority performance. Whilst this does not enable local authorities to bedifferentiated based upon their road safety performance it produces a considerablereduction in the uncertainty surrounding their rankings. This is consistent withprevious attempts to improve performance rankings. Further, although the findingsof this thesis indicate that there is only mild evidence of asymmetry in the spatialcross-correlations for road casualty counts, the thesis provides a demonstration of theapplicability of this model to real world social and economic problems.
=536  \\$aSponsored by: Economic Social and Research Council
=538  \\$aMode of access: World Wide Web.
=710  2\$aImperial College, London.
=852  4\$aBritish Library$bDSC$cDRT$j513485
=856  40$uhttp://hdl.handle.net/10044/1/5514
=859  \\$aXLD$bEThOS
=CAT  \\$aETHOSBKLG$b00$c20111010$lBLL01$h1535
=CAT  \\$aETHOSBKLG$c20111010$lBLL01$h1607
=CAT  \\$aETHOSBKLG$c20111010$lBLL01$h1631
=CAT  \\$aBATCH$b00$c20111010$lBLL01$h1823
=CAT  \\$aBATCH-UPD$b00$c20121030$lBLL01$h1022
=CAT  \\$aWR13.117$c20130727$lBLL01$h2009
=CAT  \\$aWR13.144/5$c20140418$lBLL01$h1028
=CAT  \\$aBATCH-ETHO$b00$c20150802$lBLL01$h0151
=CAT  \\$aBATCH-ETH8$c20170506$lBLL01$h1041
=DRT  \\$aETHOS
=FIN  \\$aY$d20111010
=FMT  \\$a  BK
=LAS  \\$aBATCH-ETH8$b00$c20170506$lBLL01$h1041
=SRC  \\$aEThOS$bethos_marc_111007.mrc
=STA  \\$aSUPPRESSED$bEThOS can't supply or embargoed

