=LDR  03330 am a22004937a 4500
=001  015923735
=003  Uk
=005  20111010153530.0
=006  m\\\\\\\\d\\\\\\\\
=007  cr\|||||||||||
=008  111010s2009\\\\xxk\\\\\sbm\\\000\0\eng\\
=040  \\$aUk$beng$cUk$dUk
=082  04$a530.15$223
=100  1\$aFarrell, Patrick E.
=245  10$aGalerkin projection of discrete fields via supermesh construction$h[electronic resource].
=260  \\$bImperial College, London,$c2009.
=300  \\$ap. :$bdigital, PDF file.
=336  \\$atext$2rdacontent
=337  \\$acomputer$2rdamedia
=338  \\$aonline resource$2rdacarrier
=502  \\$aThesis (Ph.D.)--Imperial College London, 2009.
=504  \\$aIncludes bibliographical references.
=520  3\$aInterpolation of discrete FIelds arises frequently in computational physics. This thesis focuses on the novel implementation and analysis of Galerkinprojection, an interpolation technique with three principal advantages overits competitors: it is optimally accurate in the L2 norm, it is conservative,and it is well-defined in the case of spaces of discontinuous functions. While these desirable properties have been known for some time, the implementationof Galerkin projection is challenging; this thesis reports the firstsuccessful general implementation. A thorough review of the history, development and current frontiers ofadaptive remeshing is given. Adaptive remeshing is the primary motivationfor the development of Galerkin projection, as its use necessitates the interpolationof discrete fields. The Galerkin projection is discussed and thegeometric concept necessary for its implementation, the supermesh, is introduced. The efficient local construction of the supermesh of two meshesby the intersection of the elements of the input meshes is then described. Next, the element-element association problem of identifying which elementsfrom the input meshes intersect is analysed. With efficient algorithms forits construction in hand, applications of supermeshing other than Galerkinprojections are discussed, focusing on the computation of diagnostics of simulationswhich employ adaptive remeshing. Examples demonstrating the effectivenessand efficiency of the presented algorithms are given throughout. The thesis closes with some conclusions and possibilities for future work.
=536  \\$aSponsored by: Department of Earth Science & Engineering, Janet Watson scholarship
=538  \\$aMode of access: World Wide Web.
=710  2\$aImperial College, London.
=852  4\$aBritish Library$bDSC$cDRT$j513486
=856  40$uhttp://hdl.handle.net/10044/1/5515
=859  \\$aXLD$bEThOS
=CAT  \\$aETHOSBKLG$b00$c20111010$lBLL01$h1535
=CAT  \\$aETHOSBKLG$c20111010$lBLL01$h1607
=CAT  \\$aETHOSBKLG$c20111010$lBLL01$h1631
=CAT  \\$aBATCH$b00$c20111010$lBLL01$h1823
=CAT  \\$aBATCH-UPD$b00$c20121030$lBLL01$h1022
=CAT  \\$aWR13.117$c20130727$lBLL01$h2009
=CAT  \\$aWR13.144/5$c20140418$lBLL01$h1028
=CAT  \\$aBATCH-ETHO$b00$c20140502$lBLL01$h0139
=CAT  \\$aBATCH-ETH8$c20170506$lBLL01$h1041
=DRT  \\$aETHOS
=FIN  \\$aY$d20111010
=FMT  \\$a  BK
=LAS  \\$aBATCH-ETH8$b00$c20170506$lBLL01$h1041
=SRC  \\$aEThOS$bethos_marc_111007.mrc
=STA  \\$aSUPPRESSED$bEThOS can't supply or embargoed

