=LDR  03635 am a22004697a 4500
=001  015923736
=003  Uk
=005  20111010153530.0
=006  m\\\\\\\\d\\\\\\\\
=007  cr\|||||||||||
=008  101031s2010\\\\xxk\\\\\sbm\\\000\0\eng\\
=040  \\$aUk$beng$cUk
=082  04$a615.1$223
=100  1\$aGretton, Sophy.
=245  10$aStrong opioids in cancer pain$h[electronic resource] :$bclinical and pharmacogenetic factors influencing an individual's response to morphine and oxycodone.
=260  \\$bImperial College London,$c2010.
=300  \\$ap. :$bdigital, PDF file.
=336  \\$atext$2rdacontent
=337  \\$acomputer$2rdamedia
=338  \\$aonline resource$2rdacarrier
=502  \\$aThesis (Ph.D.)--Imperial College London, 2010.
=504  \\$aIncludes bibliographical references.
=520  3\$aStrong opioids, morphine and oxycodone, are used in the management of moderate to severe cancer pain, but there is wide inter-individual variation in patients' response to these drugs. Here we identify the clinical and pharmacogenetic factors influencing individuals response and build a model that predicts a favourable clinical outcome to these pain relieving strategies. Two clinical studies were conducted. Firstly, 298 subjects were recruited to a prospective, observational case-control study; data were obtained on 205 morphine responders and 93 morphine non-responders, also known as "switchers". Secondly, a randomised control trial was established to compare the clinical response rates to morphine and oxycodone used as first line strong opioids for cancer pain; analysis was carried out on 100 subjects randomised to receive trial medications "A" and "B" respectively. Clinical, haematological, biochemical, metabolite and genotype data were collected on all subjects; metabolite samples were processed using high performance liquid chromatography and genotyping of single nucleotide polymorphisms (SNP) in candidate genes was performed using sequence specific primer assays whilst other data were obtained by genome-wide SNP analysis. Clinical factors associated with response to strong opioids included age, plasma morphine and metabolite concentrations, concomitant medications and the presence of visceral pain. Genetic variation in the gene encoding the glutamate receptor subunit 2A was associated with response to morphine and a number of polymorphisms were associated with secondary clinical phenotypes. There was no difference in the number of subjects responding to trial medications but dose conversion ratios between trial medications were asymmetric suggestive of cross-tolerance. These findings support a clinical and pharmacogenetic basis of response to strong opioids but the factors influencing response to pain relieving strategies need further definition.
=538  \\$aMode of access: World Wide Web.
=710  2\$aImperial College, London.
=852  4\$aBritish Library$bDSC$cDRT$j513487
=856  40$uhttp://hdl.handle.net/10044/1/5516
=859  \\$aXLD$bEThOS
=CAT  \\$aETHOSBKLG$b00$c20111010$lBLL01$h1535
=CAT  \\$aETHOSBKLG$c20111010$lBLL01$h1607
=CAT  \\$aETHOSBKLG$c20111010$lBLL01$h1631
=CAT  \\$aBATCH$b00$c20111010$lBLL01$h1823
=CAT  \\$aBATCH-UPD$b00$c20121030$lBLL01$h1022
=CAT  \\$aWR13.117$c20130727$lBLL01$h2009
=CAT  \\$aWR13.144/5$c20140418$lBLL01$h1028
=CAT  \\$aBATCH-ETHO$b00$c20150802$lBLL01$h0151
=DRT  \\$aETHOS
=FIN  \\$aY$d20111010
=FMT  \\$a  BK
=LAS  \\$aBATCH-ETHO$b00$c20150802$lBLL01$h0151
=SRC  \\$aEThOS$bethos_marc_111007.mrc
=STA  \\$aSUPPRESSED$bEThOS can't supply or embargoed

