=LDR  03296 am a22004817a 4500
=001  015923737
=003  Uk
=005  20111010153530.0
=006  m\\\\\\\\d\\\\\\\\
=007  cr\|||||||||||
=008  111010s2009\\\\xxk\\\\\sbm\\\000\0\eng\\
=040  \\$aUk$beng$cUk$dUk
=082  04$a539.6$223
=100  1\$aWardrope, David Robert.
=245  10$aPreparations for measurement of electroweak vector boson production cross-sections using the electron decay modes, with the Compact Muon Solenoid detector$h[electronic resource].
=260  \\$bImperial College, London,$c2009.
=300  \\$ap. :$bdigital, PDF file.
=336  \\$atext$2rdacontent
=337  \\$acomputer$2rdamedia
=338  \\$aonline resource$2rdacarrier
=502  \\$aThesis (Ph.D.)--Imperial College London, 2009.
=504  \\$aIncludes bibliographical references.
=520  3\$aThe Compact Muon Solenoid was designed to make discoveries at theTeV scale : to elucidate the nature of electroweak symmetry breakingand to search for physics beyond the Standard Model. For any suchdiscovery to be credible, it must first be demonstrated that the CMSdetector is understood. One mechanism to make this demonstration isto measure "standard candle" processes, such as W and Z production. This thesis describes preparations undertaken to make these measurementsusing the electron decay modes, with[derivative]Ldt = 10 pb-1 of collisiondata. The energy resolution of the electromagnetic calorimeter was measuredin test beam data. An improved method of deriving the optimisedweights necessary for amplitude reconstruction is described. The measurement of electron charge using tracks is impaired by theelectron showering in the tracker material. A novel charge measurementtechnique that is complementary to the existing method was assessed. Missing transverse energy is a powerful discriminating variable forthe selection of W+/ -> e+/ [upsilon]e events, however it is difficult to simulateaccurately due to its global nature. The Ersatz Missing Energy methodwas developed to provide reliable and accurate descriptions of missingenergy from data using readily reconstructible [gamma]*/Z -> e+e- events. The method is described and evaluated. Finally, the measurement strategy for W and Z boson productioncross-sections in early data is outlined and analysed using simulateddata. Significant results can be obtained with only [derivative] Ldt = 10 pb-1.
=538  \\$aMode of access: World Wide Web.
=710  2\$aImperial College, London.
=852  4\$aBritish Library$bDSC$cDRT$j513488
=856  40$uhttp://hdl.handle.net/10044/1/5517
=859  \\$aXLD$bEThOS
=CAT  \\$aETHOSBKLG$b00$c20111010$lBLL01$h1535
=CAT  \\$aETHOSBKLG$c20111010$lBLL01$h1607
=CAT  \\$aETHOSBKLG$c20111010$lBLL01$h1631
=CAT  \\$aBATCH$b00$c20111010$lBLL01$h1823
=CAT  \\$aBATCH-UPD$b00$c20121030$lBLL01$h1022
=CAT  \\$aWR13.117$c20130727$lBLL01$h2009
=CAT  \\$aWR13.144/5$c20140418$lBLL01$h1028
=CAT  \\$aBATCH-ETHO$b00$c20140502$lBLL01$h0139
=CAT  \\$aBATCH-ETH8$c20170506$lBLL01$h1041
=DRT  \\$aETHOS
=FIN  \\$aY$d20111010
=FMT  \\$a  BK
=LAS  \\$aBATCH-ETH8$b00$c20170506$lBLL01$h1041
=SRC  \\$aEThOS$bethos_marc_111007.mrc
=STA  \\$aSUPPRESSED$bEThOS can't supply or embargoed

