=LDR  03989 am a22004937i 4500
=001  015923738
=003  Uk
=005  20111010153530.0
=006  m\\\\\\\\d\\\\\\\\
=007  cr\|||||||||||
=008  111010s2009\\\\xxk\\\\\sbm\\\000\0\eng\\
=040  \\$aUk$beng$cUk
=082  14$a610$215
=100  1\$aDare, Theophilus Olusegun.
=245  10$aApplication of proteomics to identify biomarkers of myopathy$h[electronic resource].
=260  \\$bImperial College London (University of London),$c2009.
=300  \\$ap. :$bdigital, PDF file.
=336  \\$atext$2rdacontent
=337  \\$acomputer$2rdamedia
=338  \\$aonline resource$2rdacarrier
=502  \\$aThesis (Ph.D.)--Imperial College, London, 2009.
=504  \\$aIncludes bibliographical references.
=520  3\$aThe assessment of skeletal muscle toxicity is important in the safety evaluation of new chemical entities, particularly those used as lipid-lowering agents. As current strategies for assessing myopathy are based on in vivo measurements, which sometimes lack sensitivity and specificity, there is a need for biomarkers that better predict myopathy and also for an approach that is more amenable to high-throughput screening. Here, the use of cultured rat L6 myoblasts and myotubes was explored in combination with a variety of techniques to identify potential biomarkers, following exposure to a known experimental myotoxicant, 2,3,5,6 tetramethyl-p-phenylenediamine (TMPD), or a highly selective peroxisome proliferator-activated receptor δ agonist, 4-[2-(3-fluoro-4-trifluoromethyl-phenyl)-4-methyl-thiazol-5-ylmethylsulfanyl]-2-methyl-phenoxy-acetic acid (GWδ). The use of candidate biomarkers, based on the utilisation of a variety of established and putative markers of myopathy, proved to be of little additional value in myoblasts treated with low concentrations of TMPD. In myotubes, however, intracellular levels of aldolase and creatine kinase appeared to be responsive markers. Proteomic analysis of TMPD and GWδ-treated skeletal muscle cells using surface-enhanced laser desorption/ionization-time of flight-mass spectrometry (SELDI-TOF-MS) showed changes in the levels of 16 protein ions in myoblasts and 12 changes in myotubes, although SELDI-TOF-MS did not lend itself to the conclusive identification of these ions. Analysis of the muscle cell proteins using label-free quantitative proteomics was able to simultaneously quantify TMPD-induced changes and identify the proteins involved. In this way, 8 proteins in myoblasts and 10 proteins in myotubes were discovered to be the most responsive proteins to treatment. Changes in the levels of Rho GDP dissociation inhibitor (GDI) alpha in myoblasts and Myosin light chain 2 in myotubes were confirmed by immunoblotting, and these proteins were also responsive to treatment with GWδ and pravastatin. In conclusion, cultured skeletal muscle cells were responsive to the effects of potentially myotoxic agents, and proteomics was successful in identifying and quantifying proteins that may act as biomarkers of effect.
=536  \\$aSponsored by: GlaxoSmithKline
=538  \\$aMode of access: World Wide Web.
=710  2\$aImperial College, London.
=852  4\$aBritish Library$bDSC$cDRT$j513489
=856  40$uhttp://hdl.handle.net/10044/1/5518
=859  \\$aXLD$bEThOS
=CAT  \\$aETHOSBKLG$b00$c20111010$lBLL01$h1535
=CAT  \\$aETHOSBKLG$c20111010$lBLL01$h1607
=CAT  \\$aETHOSBKLG$c20111010$lBLL01$h1631
=CAT  \\$aBATCH$b00$c20111010$lBLL01$h1823
=CAT  \\$aBATCH-UPD$b00$c20121030$lBLL01$h1022
=CAT  \\$aWR13.117$c20130727$lBLL01$h2009
=CAT  \\$aWR13.144/5$c20140418$lBLL01$h1028
=CAT  \\$aBATCH-ETHO$b00$c20160102$lBLL01$h0143
=CAT  \\$aBATCH-ETH8$c20170506$lBLL01$h1041
=DRT  \\$aETHOS
=FIN  \\$aY$d20111010
=FMT  \\$a  BK
=LAS  \\$aBATCH-ETH8$b00$c20170506$lBLL01$h1041
=SRC  \\$aEThOS$bethos_marc_111007.mrc
=STA  \\$aSUPPRESSED$bEThOS can't supply or embargoed

