=LDR  04381 am a22004817i 4500
=001  015923739
=003  Uk
=005  20111010153530.0
=006  m\\\\\\\\d\\\\\\\\
=007  cr\|||||||||||
=008  111010s2009\\\\xxk\\\\\sbm\\\000\0\eng\\
=040  \\$aUk$beng$cUk
=082  14$a610$215
=100  1\$aBonney, Stephanie Ann.
=245  10$aCharacterising the role of a putative mammalian aspartate dehydrogenase in hepatic lipogenesis and secretion of very low density lipoproteins$h[electronic resource].
=260  \\$bImperial College London (University of London),$c2009.
=300  \\$ap. :$bdigital, PDF file.
=336  \\$atext$2rdacontent
=337  \\$acomputer$2rdamedia
=338  \\$aonline resource$2rdacarrier
=502  \\$aThesis (Ph.D.)--Imperial College, London, 2009.
=504  \\$aIncludes bibliographical references.
=520  3\$aHepatic lipogenesis and the secretion of very low-density lipoproteins are severely perturbed in orotic-acid fed rats. Proteomic analysis of this rodent fatty liver identified a protein enriched in the microsomal fraction. The protein contains a domain of unknown function 108 (DUF 108) and is found to compose a complete protein in archaebacteria and mammalian species, but a single domain in Caenorhabditis elegans protein Q19527. The cDNA for human protein A6ND91 was cloned and stable rat hepatoma cell lines, expressing recombinant A6ND91-FLAG tagged protein were produced. Significant increases in de-novo lipogenesis and secretion of triglyceride-enriched lipoproteins were observed. This thesis considers A6ND91 protein in terms of structure and proposed function. Previous work has indicated that the homologous protein Thermatoga maritime 1643 (TM1643) possesses NAD+ or NADP+-dependent dehydrogenase activity towards L-Aspartate, producing NADH or NADPH plus iminoaspartate, a substrate that rapidly degrades into oxaloacetate (OAA) and ammonia. In this thesis, analyses of primary and predicted secondary structure of A6ND91 and TM1643 revealed that residues binding NAD+/NADP+ and the proposed active catalytic residue, Histidine198, are conserved. Northern-blot analysis identified A6ND91 is highly expressed in human liver, moderately in kidney, and at low levels in the brain. Western-blot analysis identified that A6ND91 is predominately localised to the cytosol, with minimal amounts in the microsomal fraction. Proteomic analysis revealed that A6ND91 contains a phosphorylated residue, Serine168. The kinase potentially responsible for phosphorylation of the residue is Glycogen Synthase Kinase 3 (GSK3), a well-characterised enzyme involved in regulation of glycogen metabolism and acetyl-CoA production. Microarray analyses indicate that over-expression of A6ND91 perturbs activity of several metabolic pathways involved in carboxylic acid metabolism, cholesterol synthesis and complement activation. Closer inspection of the perturbed metabolic pathways revealed an overlap through the substrates OAA/pyruvate/acetyl-CoA. Assays were performed to establish the NAD+/NADH and NADP+/NADPH redox state in cell lines expressing A6ND91. Results established that NAD+/NADH ratio was significantly reduced, suggesting that A6ND91 may operate as a dehydrogenase. Collectively, results suggest that L-Aspartate dehydrogenase activity of TM1643 is conserved in human A6ND91, playing a key role in hepatic lipid and energy metabolism through the production of OAA and its subsequent conversion to pyruvate/acetyl-CoA and cholesterol.
=538  \\$aMode of access: World Wide Web.
=710  2\$aImperial College, London.
=852  4\$aBritish Library$bDSC$cDRT$j513490
=856  40$uhttp://hdl.handle.net/10044/1/5519
=859  \\$aXLD$bEThOS
=CAT  \\$aETHOSBKLG$b00$c20111010$lBLL01$h1535
=CAT  \\$aETHOSBKLG$c20111010$lBLL01$h1607
=CAT  \\$aETHOSBKLG$c20111010$lBLL01$h1631
=CAT  \\$aBATCH$b00$c20111010$lBLL01$h1823
=CAT  \\$aBATCH-UPD$b00$c20121030$lBLL01$h1022
=CAT  \\$aWR13.117$c20130727$lBLL01$h2009
=CAT  \\$aWR13.144/5$c20140418$lBLL01$h1028
=CAT  \\$aBATCH-ETHO$b00$c20160102$lBLL01$h0143
=CAT  \\$aBATCH-ETH8$c20170506$lBLL01$h1041
=DRT  \\$aETHOS
=FIN  \\$aY$d20111010
=FMT  \\$a  BK
=LAS  \\$aBATCH-ETH8$b00$c20170506$lBLL01$h1041
=SRC  \\$aEThOS$bethos_marc_111007.mrc
=STA  \\$aSUPPRESSED$bEThOS can't supply or embargoed

