=LDR  03527 am a22004817a 4500
=001  015923741
=003  Uk
=005  20111010153530.0
=006  m\\\\\\\\d\\\\\\\\
=007  cr\|||||||||||
=008  111010s2009\\\\xxk\\\\\sbm\\\000\0\eng\\
=040  \\$aUk$beng$cUk$dUk
=082  04$a300.285$223
=100  1\$aJahangiri, Mohammad.
=245  13$aAn attention model and its application in man-made scene interpretation$h[electronic resource].
=260  \\$bImperial College, London,$c2009.
=300  \\$ap. :$bdigital, PDF file.
=336  \\$atext$2rdacontent
=337  \\$acomputer$2rdamedia
=338  \\$aonline resource$2rdacarrier
=502  \\$aThesis (Ph.D.)--Imperial College London, 2009.
=504  \\$aIncludes bibliographical references.
=520  3\$aThe ultimate aim of research into computer vision is designing a system which interpretsits surrounding environment in a similar way the human can do effortlessly. However, thestate of technology is far from achieving such a goal. In this thesis different components ofa computer vision system that are designed for the task of interpreting man-made scenes,in particular images of buildings, are described. The flow of information in the proposedsystem is bottom-up i.e., the image is first segmented into its meaningful components andsubsequently the regions are labelled using a contextual classifier. Starting from simple observations concerning the human vision system and the gestalt lawsof human perception, like the law of ?good (simple) shape? and ?perceptual grouping?, ablob detector is developed, that identifies components in a 2D image. These componentsare convex regions of interest, with interest being defined as significant gradient magnitudecontent. An eye tracking experiment is conducted, which shows that the regions identifiedby the blob detector, correlate significantly with the regions which drive the attention ofviewers. Having identified these blobs, it is postulated that a blob represents an object, linguisticallyidentified with its own semantic name. In other words, a blob may contain a window adoor or a chimney in a building. These regions are used to identify and segment higherorder structures in a building, like facade, window array and also environmental regionslike sky and ground. Because of inconsistency in the unary features of buildings, a contextual learning algorithmis used to classify the segmented regions. A model which learns spatial and topologicalrelationships between different objects from a set of hand-labelled data, is used. Thismodel utilises this information in a MRF to achieve consistent labellings of new scenes.
=538  \\$aMode of access: World Wide Web.
=710  2\$aImperial College, London.
=852  4\$aBritish Library$bDSC$cDRT$j513492
=856  40$uhttp://hdl.handle.net/10044/1/5521
=859  \\$aXLD$bEThOS
=CAT  \\$aETHOSBKLG$b00$c20111010$lBLL01$h1535
=CAT  \\$aETHOSBKLG$c20111010$lBLL01$h1607
=CAT  \\$aETHOSBKLG$c20111010$lBLL01$h1631
=CAT  \\$aBATCH$b00$c20111010$lBLL01$h1823
=CAT  \\$aBATCH-UPD$b00$c20121030$lBLL01$h1022
=CAT  \\$aWR13.117$c20130727$lBLL01$h2009
=CAT  \\$aWR13.144/5$c20140418$lBLL01$h1028
=CAT  \\$aBATCH-ETHO$b00$c20140502$lBLL01$h0139
=CAT  \\$aBATCH-ETH8$c20170506$lBLL01$h1041
=DRT  \\$aETHOS
=FIN  \\$aY$d20111010
=FMT  \\$a  BK
=LAS  \\$aBATCH-ETH8$b00$c20170506$lBLL01$h1041
=SRC  \\$aEThOS$bethos_marc_111007.mrc
=STA  \\$aSUPPRESSED$bEThOS can't supply or embargoed

