=LDR  03284 am a22004937a 4500
=001  015923743
=003  Uk
=005  20111010153530.0
=006  m\\\\\\\\d\\\\\\\\
=007  cr\|||||||||||
=008  111010s2009\\\\xxk\\\\\sbm\\\000\0\eng\\
=040  \\$aUk$beng$cUk$dUk
=082  04$a616.042$223
=100  1\$aSu, Shu Yi.
=245  10$aAnalysis of association studies and inference of haplotypic phase using hidden Markov models$h[electronic resource].
=260  \\$bImperial College, London,$c2009.
=300  \\$ap. :$bdigital, PDF file.
=336  \\$atext$2rdacontent
=337  \\$acomputer$2rdamedia
=338  \\$aonline resource$2rdacarrier
=502  \\$aThesis (Ph.D.)--Imperial College London, 2009.
=504  \\$aIncludes bibliographical references.
=520  3\$aIn this thesis I focus on the development and application of hidden Markov model(HMM) to solve problems in statistical genetics. Our method, based on a HMM,models the joint haplotype structure in the samples, where the parameters in themodel are estimated by the Baum-Welch EM algorithm. Also, the model does notrequire pre-defined blocks or a sliding window scheme to define haplotype boundaries. Thus our method is computationally efficient and applicable for either thewhole genome sequence or the candidate gene sequence. The first application of this model is for disease association testing using inferredancestral haplotypes. We employed a HMM to cluster haplotypes into groups ofpredicted common ancestral haplotypes from diploid genotypes. The results fromsimulation studies show that our method greatly outperforms single-SNP analysesand has greater power than a haplotype-based method, CLADHC, in most simulation scenarios. The second application is for inferring haplotypic phase and topredict missing genotypes in polyploid organisms. Using a simulation study wedemonstrate that the method provides accurate estimates of haplotypic phase andmissing genotypes for diploids, triploids and tetraploids. The third application isfor joint CNV/SNP haplotype and missing data inference. The results are veryencouraging for this application. With the increasing availability of genotype data in both diploid and polyploidorganisms, we believe that our programs can facilitate the investigation of geneticvariations in genome-wide scale studies.
=536  \\$aSponsored by: Imperial College Deputy Rector Scholarship
=538  \\$aMode of access: World Wide Web.
=710  2\$aImperial College, London.
=852  4\$aBritish Library$bDSC$cDRT$j513494
=856  40$uhttp://hdl.handle.net/10044/1/5523
=859  \\$aXLD$bEThOS
=CAT  \\$aETHOSBKLG$b00$c20111010$lBLL01$h1535
=CAT  \\$aETHOSBKLG$c20111010$lBLL01$h1607
=CAT  \\$aETHOSBKLG$c20111010$lBLL01$h1631
=CAT  \\$aBATCH$b00$c20111010$lBLL01$h1823
=CAT  \\$aBATCH-UPD$b00$c20121030$lBLL01$h1022
=CAT  \\$aWR13.117$c20130727$lBLL01$h2009
=CAT  \\$aWR13.144/5$c20140418$lBLL01$h1028
=CAT  \\$aBATCH-ETHO$b00$c20140502$lBLL01$h0139
=CAT  \\$aBATCH-ETH8$c20170506$lBLL01$h1041
=DRT  \\$aETHOS
=FIN  \\$aY$d20111010
=FMT  \\$a  BK
=LAS  \\$aBATCH-ETH8$b00$c20170506$lBLL01$h1041
=SRC  \\$aEThOS$bethos_marc_111007.mrc
=STA  \\$aSUPPRESSED$bEThOS can't supply or embargoed

