=LDR  03097 am a22004817a 4500
=001  015923744
=003  Uk
=005  20111010153530.0
=006  m\\\\\\\\d\\\\\\\\
=007  cr\|||||||||||
=008  111010s2009\\\\xxk\\\\\sbm\\\000\0\eng\\
=040  \\$aUk$beng$cUk$dUk
=082  04$a612$223
=100  1\$aGowrishankar, Ganesh.
=245  10$aMechanisms of motor learning$h[electronic resource] :$bby humans, for robots.
=260  \\$bImperial College, London,$c2009.
=300  \\$ap. :$bdigital, PDF file.
=336  \\$atext$2rdacontent
=337  \\$acomputer$2rdamedia
=338  \\$aonline resource$2rdacarrier
=502  \\$aThesis (Ph.D.)--Imperial College London, 2009.
=504  \\$aIncludes bibliographical references.
=520  3\$aWhenever we perform a movement and interact with objects in our environment, our centralnervous system (CNS) adapts and controls the redundant system of muscles actuatingour limbs to produce suitable forces and impedance for the interaction. As modern robotsare increasingly used to interact with objects, humans and other robots, they too requireto continuously adapt the interaction forces and impedance to the situation. This thesisinvestigated the motor mechanisms in humans through a series of technical developmentsand experiments, and utilized the result to implement biomimetic motor behaviours ona robot. Original tools were first developed, which enabled two novel motor imagingexperiments using functional magnetic resonance imaging (fMRI). The first experimentinvestigated the neural correlates of force and impedance control to understand the controlstructure employed by the human brain. The second experiment developed a regressor freetechnique to detect dynamic changes in brain activations during learning, and appliedthis technique to investigate changes in neural activity during adaptation to force fieldsand visuomotor rotations. In parallel, a psychophysical experiment investigated motoroptimization in humans in a task characterized by multiple error-effort optima. Finallya computational model derived from some of these results was implemented to exhibithuman like control and adaptation of force, impedance and movement trajectory in arobot.
=538  \\$aMode of access: World Wide Web.
=710  2\$aImperial College, London.
=852  4\$aBritish Library$bDSC$cDRT$j513495
=856  40$uhttp://hdl.handle.net/10044/1/5524
=859  \\$aXLD$bEThOS
=CAT  \\$aETHOSBKLG$b00$c20111010$lBLL01$h1535
=CAT  \\$aETHOSBKLG$c20111010$lBLL01$h1607
=CAT  \\$aETHOSBKLG$c20111010$lBLL01$h1631
=CAT  \\$aBATCH$b00$c20111010$lBLL01$h1823
=CAT  \\$aBATCH-UPD$b00$c20121030$lBLL01$h1022
=CAT  \\$aWR13.117$c20130727$lBLL01$h2009
=CAT  \\$aWR13.144/5$c20140418$lBLL01$h1028
=CAT  \\$aBATCH-ETHO$b00$c20140502$lBLL01$h0139
=CAT  \\$aBATCH-ETH8$c20170506$lBLL01$h1041
=DRT  \\$aETHOS
=FIN  \\$aY$d20111010
=FMT  \\$a  BK
=LAS  \\$aBATCH-ETH8$b00$c20170506$lBLL01$h1041
=SRC  \\$aEThOS$bethos_marc_111007.mrc
=STA  \\$aSUPPRESSED$bEThOS can't supply or embargoed

