=LDR  03680 am a22004817a 4500
=001  015923746
=003  Uk
=005  20111010153530.0
=006  m\\\\\\\\d\\\\\\\\
=007  cr\|||||||||||
=008  111010s2009\\\\xxk\\\\\sbm\\\000\0\eng\\
=040  \\$aUk$beng$cUk$dUk
=082  04$a550$223
=100  1\$aWilson, Cian.
=245  10$aModelling multiple-material flows on adaptive unstructured meshes$h[electronic resource].
=260  \\$bImperial College, London,$c2009.
=300  \\$ap. :$bdigital, PDF file.
=336  \\$atext$2rdacontent
=337  \\$acomputer$2rdamedia
=338  \\$aonline resource$2rdacarrier
=502  \\$aThesis (Ph.D.)--Imperial College London, 2009.
=504  \\$aIncludes bibliographical references.
=520  3\$aThe ability to distinguish between regions with different material properties is essentialwhen numerically modelling many physical systems. Using a dual control volumemesh that avoids the problem of corner coupling, the HyperC face value scheme is extendedto multiple dimensions and applied as a device for material advection on unstructuredsimplex meshes. The new scheme performs well at maintaining sharp interfacesbetween materials and is shown to produce small advection errors, comparable to thoseof standard material advection methods on structured meshes. To further minimise numericaldiffusion of material interfaces a total variation bounded flux limiter, UltraC, isdefined using a normalised variable diagram. Combining the material tracking scheme with dynamically adapting meshes, the useof a minimally dissipative bounded projection algorithm for interpolating fields fromthe old mesh to the new, optimised mesh is demonstrated that conserves the mass ofeach material. More generally, material conservation during the advection process isensured through the coupling of the material tracking scheme to the momentum and massequations. A new element pair for the discretisation of velocity and pressure is proposedthat maintains the stability of the system while conserving the mass of materials. When modelling multiple materials the use of independent advection algorithms foreach material can lead to the problem of non-physical material overlap. A novel coupledflux limiter is developed to overcome this problem. This automatically generalisesto arbitrary numbers of materials. Using the fully coupled (and rigorously verified)multi-material model, several geophysically relevant simulations are presented examiningthe generation of waves by landslides. The model is validated by demonstratingclose agreement between model predictions and experimental results of wave generation,propagation and run-up. The simulations also showcase the powerful capabilities of anunstructured, adaptive multi-material model in real world scenarios.
=538  \\$aMode of access: World Wide Web.
=710  2\$aImperial College, London.
=852  4\$aBritish Library$bDSC$cDRT$j513497
=856  40$uhttp://hdl.handle.net/10044/1/5526
=859  \\$aXLD$bEThOS
=CAT  \\$aETHOSBKLG$b00$c20111010$lBLL01$h1535
=CAT  \\$aETHOSBKLG$c20111010$lBLL01$h1607
=CAT  \\$aETHOSBKLG$c20111010$lBLL01$h1631
=CAT  \\$aBATCH$b00$c20111010$lBLL01$h1823
=CAT  \\$aBATCH-UPD$b00$c20121030$lBLL01$h1022
=CAT  \\$aWR13.117$c20130727$lBLL01$h2009
=CAT  \\$aWR13.144/5$c20140418$lBLL01$h1028
=CAT  \\$aBATCH-ETHO$b00$c20140502$lBLL01$h0139
=CAT  \\$aBATCH-ETH8$c20170506$lBLL01$h1041
=DRT  \\$aETHOS
=FIN  \\$aY$d20111010
=FMT  \\$a  BK
=LAS  \\$aBATCH-ETH8$b00$c20170506$lBLL01$h1041
=SRC  \\$aEThOS$bethos_marc_111007.mrc
=STA  \\$aSUPPRESSED$bEThOS can't supply or embargoed

