=LDR  03615 am a22004817a 4500
=001  015923747
=003  Uk
=005  20111010153530.0
=006  m\\\\\\\\d\\\\\\\\
=007  cr\|||||||||||
=008  111010s2010\\\\xxk\\\\\sbm\\\000\0\eng\\
=040  \\$aUk$beng$cUk$dUk
=082  04$a629.13$223
=100  1\$aFaber, Tristan Friedrich.
=245  10$aCritical points in two-dimensional stationary homogeneous isotropic turbulence$h[electronic resource].
=260  \\$bImperial College, London,$c2010.
=300  \\$ap. :$bdigital, PDF file.
=336  \\$atext$2rdacontent
=337  \\$acomputer$2rdamedia
=338  \\$aonline resource$2rdacarrier
=502  \\$aThesis (Ph.D.)--Imperial College London, 2010.
=504  \\$aIncludes bibliographical references.
=520  3\$aBasic properties of critical points in two dimensions are reviewed and related to thevelocity and acceleration field of two-dimensional turbulence. A direct numerical simulation(DNS) of two-dimensional homogeneous isotropic turbulence with an inverse energycascade and a k?5/3 power law is used to study critical points of these fields. The velocity stagnation point based pair separation model of Goto and Vassilicos(S Goto and J C Vassilicos, 2004, New J.Phys., 6, p.65) is revisited and placed on asound mathematical foundation. The DNS is used to study the time-asymmetry observedbetween forward and backward separation. A new method has been employed to obtainvalues for the Richardson constants and the ratio of them for the backwards and forwardscase, which is gb/gf = (0.92?0.03) and hence, exhibits a qualitatively different behaviourfrom pair separation in three-dimensional turbulence, where gb > gf (J Berg et al. , 2006,Phys. Rev. E, 74(1), p.016304). An explanation for this behaviour based on the timeasymmetryrelated to the inverse versus forward energy cascade is suggested. Zero Acceleration Points (ZAPs) and flow structures around them are studied usingthe same DNS. A well-defined classification of ZAPs in terms of the acceleration gradienttensor?s (?a) invariants is presented. About half of all ZAPs are Anti-ZAPs (withdet[?a] < 0) and the number of vortical and straining ZAPs (with det[?a] > 0) is aboutthe same. Vortical and straining ZAPs are swept by the local fluid velocity to a goodstatistical approximation whereas Anti-ZAPs are not. The average life-time of ZAPsseems to scale with the time-scale of the smallest eddies in the turbulence, though ZAPs(in particular vortical ones) are able to survive up to a few integral time scales. The newZAP classification can also be applied to extended flow regions and a discussion of thelength-scales and sizes characterising these regions and the distances between ZAPs isgiven.
=538  \\$aMode of access: World Wide Web.
=710  2\$aImperial College, London.
=852  4\$aBritish Library$bDSC$cDRT$j513498
=856  40$uhttp://hdl.handle.net/10044/1/5527
=859  \\$aXLD$bEThOS
=CAT  \\$aETHOSBKLG$b00$c20111010$lBLL01$h1535
=CAT  \\$aETHOSBKLG$c20111010$lBLL01$h1607
=CAT  \\$aETHOSBKLG$c20111010$lBLL01$h1631
=CAT  \\$aBATCH$b00$c20111010$lBLL01$h1823
=CAT  \\$aBATCH-UPD$b00$c20121030$lBLL01$h1022
=CAT  \\$aWR13.117$c20130727$lBLL01$h2009
=CAT  \\$aWR13.144/5$c20140418$lBLL01$h1028
=CAT  \\$aBATCH-ETHO$b00$c20140502$lBLL01$h0139
=CAT  \\$aBATCH-ETH8$c20170506$lBLL01$h1041
=DRT  \\$aETHOS
=FIN  \\$aY$d20111010
=FMT  \\$a  BK
=LAS  \\$aBATCH-ETH8$b00$c20170506$lBLL01$h1041
=SRC  \\$aEThOS$bethos_marc_111007.mrc
=STA  \\$aSUPPRESSED$bEThOS can't supply or embargoed

