=LDR  03544 am a22004937i 4500
=001  015923748
=003  Uk
=005  20111010153530.0
=006  m\\\\\\\\d\\\\\\\\
=007  cr\|||||||||||
=008  111010s2009\\\\xxk\\\\\sbm\\\000\0\eng\\
=040  \\$aUk$beng$cUk$dUk
=082  14$a540$215
=100  1\$aMcSharry, Carolyn Heather.
=245  10$aConserving tangible and intangible cultural heritage$h[electronic resource] :$bcleaning degraded East Asian lacquer.
=260  \\$bImperial College, London,$c2009.
=300  \\$ap. :$bdigital, PDF file.
=336  \\$atext$2rdacontent
=337  \\$acomputer$2rdamedia
=338  \\$aonline resource$2rdacarrier
=502  \\$aThesis (Ph.D.)--Imperial College London, 2009.
=504  \\$aIncludes bibliographical references.
=520  3\$aEast Asian lacquer (urushi) is a natural, thermosetting polymer, characterised by its durability and gloss. Prolonged exposure to light, however, causes photodegradation, which initiates microcracking in the surface layers. Accumulation of dirt, grease, or non-original materials, such as varnishes applied during attempted restoration, contributes to deterioration of the lacquer's appearance through discolouration. This build up must be removed in order to conserve affected pieces, and the potential use of solvents to achieve this aim is investigated here. This work presents a review of the chemistry of this unique material, and the distinction between different East Asian lacquers is investigated. Valuable, rare lacquer samples could not be taken from naturally aged museum pieces in order to investigate the applicability of solvents in cleaning conservation processes, and so the damage featured on the models used was recreated artificially. The advantages and limitations of such an approach are assessed in terms of the practical value of the resulting samples as credible models compared to the naturally aged material. In free film studies, solubility parameters were determined for a range of lacquers, and the morphological changes that result from solvent exposure are also investigated to determine potential 'safe' solvents for conservation cleaning. These studies show that most solvents are damaging to photodegraded lacquers to some extent, and the possible risks must be assessed against the need for removal of a damaging layer. The findings reported here have implications for the choice of solvents used in conservation cleaning, but other solvent properties and behaviours must be considered along with these data when identifying the least damaging, yet effective solvents.
=536  \\$aSponsored by: Arts and Humanities Research Council
=538  \\$aMode of access: World Wide Web.
=710  2\$aImperial College, London.
=852  4\$aBritish Library$bDSC$cDRT$j513499
=856  40$uhttp://hdl.handle.net/10044/1/5528
=859  \\$aXLD$bEThOS
=CAT  \\$aETHOSBKLG$b00$c20111010$lBLL01$h1535
=CAT  \\$aETHOSBKLG$c20111010$lBLL01$h1607
=CAT  \\$aETHOSBKLG$c20111010$lBLL01$h1631
=CAT  \\$aBATCH$b00$c20111010$lBLL01$h1823
=CAT  \\$aBATCH-UPD$b00$c20121030$lBLL01$h1022
=CAT  \\$aWR13.117$c20130727$lBLL01$h2009
=CAT  \\$aWR13.144/5$c20140418$lBLL01$h1028
=CAT  \\$aBATCH-ETHO$b00$c20160102$lBLL01$h0143
=CAT  \\$aBATCH-ETH8$c20170506$lBLL01$h1041
=DRT  \\$aETHOS
=FIN  \\$aY$d20111010
=FMT  \\$a  BK
=LAS  \\$aBATCH-ETH8$b00$c20170506$lBLL01$h1041
=SRC  \\$aEThOS$bethos_marc_111007.mrc
=STA  \\$aSUPPRESSED$bEThOS can't supply or embargoed

