=LDR  03622 am a22004817a 4500
=001  015923749
=003  Uk
=005  20111010153530.0
=006  m\\\\\\\\d\\\\\\\\
=007  cr\|||||||||||
=008  101031s2010\\\\xxk\\\\\sbm\\\000\0\eng\\
=040  \\$aUk$beng$cUk
=082  04$a660.63$223
=100  1\$aGunther, Selina Lavinia.
=245  10$aPolypeptide extraction using reverse micelles$h[electronic resource].
=260  \\$bImperial College London,$c2010.
=300  \\$ap. :$bdigital, PDF file.
=336  \\$atext$2rdacontent
=337  \\$acomputer$2rdamedia
=338  \\$aonline resource$2rdacarrier
=502  \\$aThesis (Ph.D.)--Imperial College London, 2010.
=504  \\$aIncludes bibliographical references.
=520  3\$aThe reverse micelle (RM) extraction of human IgG4 monoclonal antibodies (MAbs), humanized IgG4 MAb B72.3 Fab fragments and horse heart cytochrome-c was investigated. The effects of system parameters on forward (FE) and backward (BE) extraction was examined, and optimal extraction conditions were determined. Sodium bis(2-ethylhexyl)sulfosuccinate (AOT), bis(2-ethylhexyl)phosphate (HDEHP), isooctane and corn oil were the model surfactants and solvents. Precipitate formation was investigated, and non-ionic (polyoxyethylene(4) lauryl ether i.e. Brij 30) and counterionic (trioctylmethylammonium chloride i.e. TOMAC) surfactants were assessed to reduce precipitate formation and increase extraction yields. Protein in the precipitate was measured using acetone precipitation. Conventional RM extraction of IgG4 for AOT- and HDEHP-isooctane resulted in yields of up to 99% FE, 58% BE for AOT-isooctane, and 92% BE for HDEHP-isooctane. It was found for AOT-isooctane with TOMAC for cytochrome-c 81% FE and 98% BE; and 41% FE and 85% BE for AOT-isooctane with Brij 30 and TOMAC, 56% FE and 71% BE for AOT-corn oil, 62% FE and 89% BE for HDEHP-isooctane, and 57% FE and 59% BE for HDEHP-corn oil with TOMAC for Fab fragments. Hollow fibre membrane (HFM) extraction of cytochrome-c resulted in complete FE and 40% BE with TOMAC; and with Fab fragments resulted in 99% FE and 79% BE for AOT, and in 88% FE and 46% BE for HDEHP with Brij 30. HFM FE using two aqueous phases showed that the quantity of Fab fragments adsorbed to the membrane surface and/or stuck in the membrane pores were negligible. Structural analysis revealed that precipitate formation during HFM module extraction was not an issue compared to conventional FE, where it structurally damaged and prevented the Fab fragments and MAbs from successfully transferring into the RM phase. RM phase water content analysis from both extraction methods confirmed that RM extraction was successful.
=536  \\$aSponsored by: Engineering and Physical Sciences Research Council; Lonza Biologics
=538  \\$aMode of access: World Wide Web.
=710  2\$aImperial College, London.
=852  4\$aBritish Library$bDSC$cDRT$j513500
=856  40$uhttp://hdl.handle.net/10044/1/5529
=859  \\$aXLD$bEThOS
=CAT  \\$aETHOSBKLG$b00$c20111010$lBLL01$h1535
=CAT  \\$aETHOSBKLG$c20111010$lBLL01$h1607
=CAT  \\$aETHOSBKLG$c20111010$lBLL01$h1631
=CAT  \\$aBATCH$b00$c20111010$lBLL01$h1823
=CAT  \\$aBATCH-UPD$b00$c20121030$lBLL01$h1022
=CAT  \\$aWR13.117$c20130727$lBLL01$h2009
=CAT  \\$aWR13.144/5$c20140418$lBLL01$h1028
=CAT  \\$aBATCH-ETHO$b00$c20140502$lBLL01$h0139
=DRT  \\$aETHOS
=FIN  \\$aY$d20111010
=FMT  \\$a  BK
=LAS  \\$aBATCH-ETHO$b00$c20140502$lBLL01$h0139
=SRC  \\$aEThOS$bethos_marc_111007.mrc
=STA  \\$aSUPPRESSED$bEThOS can't supply or embargoed

