=LDR  03723 am a22004937a 4500
=001  015923750
=003  Uk
=005  20111010153530.0
=006  m\\\\\\\\d\\\\\\\\
=007  cr\|||||||||||
=008  111010s2009\\\\xxk\\\\\sbm\\\000\0\eng\\
=040  \\$aUk$beng$cUk$dUk
=082  04$a621.31$223
=100  1\$aLiu, Pei.
=245  10$aModelling and optimization of polygeneration energy systems$h[electronic resource].
=260  \\$bImperial College, London,$c2009.
=300  \\$ap. :$bdigital, PDF file.
=336  \\$atext$2rdacontent
=337  \\$acomputer$2rdamedia
=338  \\$aonline resource$2rdacarrier
=502  \\$aThesis (Ph.D.)--Imperial College London, 2009.
=504  \\$aIncludes bibliographical references.
=520  3\$aEver-increasing energy consumption and consequent extensive greenhouse gas (GHG)emissions are two major urgent problems faced by all human beings in the 21st century. As a major contributor, the energy production section appears to be the most suitable fieldwhere further improvements could be explored to tackle these problems. Polygenerationis a typical type of next generation energy production technology with higher energyefficiency and lower/zero GHG emissions. However, methodologies guiding an efficientand stable transition from our existing energy systems to more advanced ones are stilllacking. The purpose of this thesis is to provide a generic modelling and optimization frameworkto guide planning and design of energy systems. This framework of methodologies ad-dresses the following issues arising in the planning and designing of energy systems: a)decision making at both strategic planning level and process design level; b) selection ofroadmaps, technologies, and types of equipment from many available options; c) planningor design according to both economic and environmental criteria; d) planning or designunder inevitable and unpredictable future uncertainty. The thesis is organized as follows: first, a review of energy systems is presented, followedby methodologies of energy systems engineering and their applications. Then a sectionof polygeneration process modelling is provided, at both strategic planning and processdesign levels, comprising superstructure representations of polygeneration energy systemsat different levels, implementations of the superstructure based modelling strategy usingmixed-integer programming, multi-objective optimization for the optimal process designaccording to both economic and environmental criteria, and optimization under uncer-tainty to account the impacts of future uncertainties at the planning/design stage and toincrease the flexibility and robustness of a process design. Finally, major achievements ofthis work are summarised and future research directions are recommended.
=536  \\$aSponsored by: BP; Kwoks Foundation
=538  \\$aMode of access: World Wide Web.
=710  2\$aImperial College, London.
=852  4\$aBritish Library$bDSC$cDRT$j513501
=856  40$uhttp://hdl.handle.net/10044/1/5530
=859  \\$aXLD$bEThOS
=CAT  \\$aETHOSBKLG$b00$c20111010$lBLL01$h1535
=CAT  \\$aETHOSBKLG$c20111010$lBLL01$h1607
=CAT  \\$aETHOSBKLG$c20111010$lBLL01$h1631
=CAT  \\$aBATCH$b00$c20111010$lBLL01$h1823
=CAT  \\$aBATCH-UPD$b00$c20121030$lBLL01$h1022
=CAT  \\$aWR13.117$c20130727$lBLL01$h2009
=CAT  \\$aWR13.144/5$c20140418$lBLL01$h1028
=CAT  \\$aBATCH-ETHO$b00$c20140502$lBLL01$h0139
=CAT  \\$aBATCH-ETH8$c20170506$lBLL01$h1041
=DRT  \\$aETHOS
=FIN  \\$aY$d20111010
=FMT  \\$a  BK
=LAS  \\$aBATCH-ETH8$b00$c20170506$lBLL01$h1041
=SRC  \\$aEThOS$bethos_marc_111007.mrc
=STA  \\$aSUPPRESSED$bEThOS can't supply or embargoed

