=LDR  03870 am a22004817a 4500
=001  015923752
=003  Uk
=005  20111010153530.0
=006  m\\\\\\\\d\\\\\\\\
=007  cr\|||||||||||
=008  111010s2010\\\\xxk\\\\\sbm\\\000\0\eng\\
=040  \\$aUk$beng$cUk$dUk
=082  04$a338.0068$223
=100  1\$aKlerides, Evelina.
=245  10$aAlgorithms for deterministic and stochastic project scheduling problems$h[electronic resource].
=260  \\$bImperial College, London,$c2010.
=300  \\$ap. :$bdigital, PDF file.
=336  \\$atext$2rdacontent
=337  \\$acomputer$2rdamedia
=338  \\$aonline resource$2rdacarrier
=502  \\$aThesis (Ph.D.)--Imperial College London (University of London), 2010.
=504  \\$aIncludes bibliographical references.
=520  3\$aThis thesis develops modelling and algorithmic approaches for two Project SchedulingProblems. We first consider the Discrete Time-Cost Tradeoff Problem (DTCTP)which involves determining an execution mode for each project activity associatedto a time-cost pair so that either deadline or budget restrictions are satisfied. Anew, path-based formulation is proposed which is subsequently solved using an exactcutting plane algorithm enhanced with speed-up techniques. Extensive computationalresults demonstrate that the algorithm can optimally solve some of the hardest andlargest instances in the literature. By introducing uncertainty, we construct the stochastic DTCTP with static modes,under a Two-Stage Stochastic Programming approach; the first-stage determines themodes while the second performs activity scheduling according to observed outcomes. The formulation is solved via an exact decomposition-based algorithm, which is shownto converge fast to optimality through extensive experimentation; the benefits of using stochastic models over traditional deterministic approaches which only considerexpected values are also confirmed. A Multi-Stage formulation for the stochastic dynamic DTCTP is also proposed,which, to the best of our knowledge, is the first in the field. This allows adjusting themode decisions according to observations and its complexity is due to the presenceof decision-dependent uncertainty as the decisions influence the time discovery of therandom variables. A Branch-and-Bound methodology is developed using lower andupper bounds and dominance rules and its generic features are discussed. Our extensive computational study highlights the value of flexibility associated to dynamicmodels and tests the performance of the proposed approaches in solving computationally difficult, non-standard, stochastic programs. The final part of this thesis focuses on the Stochastic Resource-Constrained ProjectScheduling Problem, which involves scheduling project activities under limited resources and uncertain durations. A solution methodology is presented, implementedand computationally evaluated using randomly generated test instances. Computational results are reported.
=538  \\$aMode of access: World Wide Web.
=710  2\$aImperial College, London.
=852  4\$aBritish Library$bDSC$cDRT$j513503
=856  40$uhttp://hdl.handle.net/10044/1/5537
=859  \\$aXLD$bEThOS
=CAT  \\$aETHOSBKLG$b00$c20111010$lBLL01$h1535
=CAT  \\$aETHOSBKLG$c20111010$lBLL01$h1607
=CAT  \\$aETHOSBKLG$c20111010$lBLL01$h1631
=CAT  \\$aBATCH$b00$c20111010$lBLL01$h1823
=CAT  \\$aBATCH-UPD$b00$c20121030$lBLL01$h1022
=CAT  \\$aWR13.117$c20130727$lBLL01$h2009
=CAT  \\$aWR13.144/5$c20140418$lBLL01$h1028
=CAT  \\$aBATCH-ETHO$b00$c20150802$lBLL01$h0151
=CAT  \\$aBATCH-ETH8$c20170506$lBLL01$h1041
=DRT  \\$aETHOS
=FIN  \\$aY$d20111010
=FMT  \\$a  BK
=LAS  \\$aBATCH-ETH8$b00$c20170506$lBLL01$h1041
=SRC  \\$aEThOS$bethos_marc_111007.mrc
=STA  \\$aSUPPRESSED$bEThOS can't supply or embargoed

