=LDR  04131 am a22004817a 4500
=001  015923753
=003  Uk
=005  20111010153530.0
=006  m\\\\\\\\d\\\\\\\\
=007  cr\|||||||||||
=008  111010s2009\\\\xxk\\\\\sbm\\\000\0\eng\\
=040  \\$aUk$beng$cUk$dUk
=082  04$a620.106$223
=100  1\$aEconomidou, Marina.
=245  10$aTransient buoyancy-driven flows in multi-storey buildings$h[electronic resource] :$bthe fluid mechanics of linked vessels.
=260  \\$bImperial College, London,$c2009.
=300  \\$ap. :$bdigital, PDF file.
=336  \\$atext$2rdacontent
=337  \\$acomputer$2rdamedia
=338  \\$aonline resource$2rdacarrier
=502  \\$aThesis (Ph.D.)--Imperial College London, 2009.
=504  \\$aIncludes bibliographical references.
=520  3\$aThe research focuses on the development of mathematical models fordescribing transient flows within and between connected fluid-filledvessels. The fluid mechanics of connected vessels is of broad interestand numerous examples may be found in industry, the built environment and the laboratory. This work focuses primarily on the interaction between three connecting vessels and considers two main areas ofapplication: (i) the so-called `double-tank method, as used by experimental fluid dynamicists to stratify environments, and (ii) the passivetransient ventilation of multi-storey buildings. An analytical description of the double-tank method, a classic example of liquid exchanges under controlled (constant) flow rates betweenhorizontally connected vessels, was developed. Subsequently, a newtechnique was proposed, modelled and tested which enabled a broaderrange of density stratifications to be set up and without the use ofpumps. This technique enabled liquids to drain freely under gravityfrom one vessel to another - the rates of liquid transfer no longer constant but functions of the instantaneous liquid depths. Modelling the fluid mechanics of multi-storey building ventilation addedadditional tiers of complexity as air and heat exchanged between roomsdrive turbulent mixing and there is complex feedback between the individual rooms. Three vessels were again considered, two storeys connected to a common atrium, and the development of the buoyancy-driven flow following the activation of heat sources was investigated. A description of the transient response of the ventilation in an atriumbuilding leading to a steady state, as typically achieved during thecourse of a day, was developed. Wind pressure variations and solarheat gains in the atrium were also incorporated. The effect of atria geometry on the ventilation of adjoining rooms was established andshown to be analogous to either an `assisting or an `opposing wind. When `opposing , the ventilation flow rate reduced. For a strongly `opposing atrium, a reversal in the direction of flow through the storeyoccurred, revealing the possibility of multiple flow regimes during thetransients - the dynamics of which were explored. Finally, the buildingventilation model was generalised to n storeys (n > 2) connecting toa common atrium. Controversially, the implications of the predictionsindicate that current atrium designs do not guarantee enhanced flowas is generally accepted.
=538  \\$aMode of access: World Wide Web.
=710  2\$aImperial College, London.
=852  4\$aBritish Library$bDSC$cDRT$j513504
=856  40$uhttp://hdl.handle.net/10044/1/5538
=859  \\$aXLD$bEThOS
=CAT  \\$aETHOSBKLG$b00$c20111010$lBLL01$h1535
=CAT  \\$aETHOSBKLG$c20111010$lBLL01$h1607
=CAT  \\$aETHOSBKLG$c20111010$lBLL01$h1631
=CAT  \\$aBATCH$b00$c20111010$lBLL01$h1823
=CAT  \\$aBATCH-UPD$b00$c20121030$lBLL01$h1022
=CAT  \\$aWR13.117$c20130727$lBLL01$h2009
=CAT  \\$aWR13.144/5$c20140418$lBLL01$h1028
=CAT  \\$aBATCH-ETHO$b00$c20140502$lBLL01$h0139
=CAT  \\$aBATCH-ETH8$c20170506$lBLL01$h1041
=DRT  \\$aETHOS
=FIN  \\$aY$d20111010
=FMT  \\$a  BK
=LAS  \\$aBATCH-ETH8$b00$c20170506$lBLL01$h1041
=SRC  \\$aEThOS$bethos_marc_111007.mrc
=STA  \\$aSUPPRESSED$bEThOS can't supply or embargoed

