=LDR  03646 am a22004937a 4500
=001  015923755
=003  Uk
=005  20111010153530.0
=006  m\\\\\\\\d\\\\\\\\
=007  cr\|||||||||||
=008  111010s2009\\\\xxk\\\\\sbm\\\000\0\eng\\
=040  \\$aUk$beng$cUk$dUk
=082  04$a520$223
=100  1\$aEdwards, Blair Nicholas Victor.
=245  14$aThe ZEPLIN dark matter search$h[electronic resource] :$btwo phase xenon as a WIMP target.
=260  \\$bImperial College, London,$c2009.
=300  \\$ap. :$bdigital, PDF file.
=336  \\$atext$2rdacontent
=337  \\$acomputer$2rdamedia
=338  \\$aonline resource$2rdacarrier
=502  \\$aThesis (Ph.D.)--Imperial College London, 2009.
=504  \\$aIncludes bibliographical references.
=520  3\$aThe existence of a significant non-baryonic component to the universe is widely accepted,with worldwide efforts underway trying to detect this so-called dark matter. The ZEPLIN detectors utilise liquid xenon as a target medium in the search of the expected rare interactions of Weakly Interacting Massive Particles, or WIMPs, with ordinary baryonic matter. The neutralino, arising in supersymmetric extensions to the standard model of particle physics, provides a particularly well-motivated candidate. The ZEPLIN-II and ZEPLIN-III experiments, operate in two-phase mode (liquid/gas), measuring both the scintillation and ionisation signatures produced during an interaction. These instruments form the basis of this thesis. The ZEPLIN-II experiment was operated underground at the Boulby Underground Laboratory, culminating in a WIMP search run lasting 57 days. Some key operational aspects are discussed, and a full description of the data analysis is given, which yielded a competitive upper limit on the spin-independent WIMP-nucleon scattering crosssection with a minimum of 6.6x10⁻⁷ pb for a 65 GeV/c² WIMP with 90% confidence. Subsequently, a smaller collaboration proceeded with the commissioning and operation of ZEPLIN-III at Boulby. The detector was operated stably for 12 months, culminating in the first science run, which excluded a cross-section above 7.7 x 10⁻⁸ pb for a 55GeV/c² WIMP. This placed ZEPLIN-III as one of the world's leading WIMP search experiments. Along with the WIMP search results, the data collected from these instruments have been exploited to extract information about the underlying xenon physics processes,which will play an important role in design of future systems. This includes the first quantitative measurements of single electron emission in a two-phase noble gas detector, studies of the field dependence of their response and of the anti-correlation between the scintillation and ionisation channels.
=536  \\$aSponsored by: STFC
=538  \\$aMode of access: World Wide Web.
=710  2\$aImperial College, London.
=852  4\$aBritish Library$bDSC$cDRT$j513506
=856  40$uhttp://hdl.handle.net/10044/1/5540
=859  \\$aXLD$bEThOS
=CAT  \\$aETHOSBKLG$b00$c20111010$lBLL01$h1535
=CAT  \\$aETHOSBKLG$c20111010$lBLL01$h1607
=CAT  \\$aETHOSBKLG$c20111010$lBLL01$h1631
=CAT  \\$aBATCH$b00$c20111010$lBLL01$h1823
=CAT  \\$aBATCH-UPD$b00$c20121030$lBLL01$h1022
=CAT  \\$aWR13.117$c20130727$lBLL01$h2009
=CAT  \\$aWR13.144/5$c20140418$lBLL01$h1028
=CAT  \\$aBATCH-ETHO$b00$c20140502$lBLL01$h0139
=CAT  \\$aBATCH-ETH8$c20170506$lBLL01$h1041
=DRT  \\$aETHOS
=FIN  \\$aY$d20111010
=FMT  \\$a  BK
=LAS  \\$aBATCH-ETH8$b00$c20170506$lBLL01$h1041
=SRC  \\$aEThOS$bethos_marc_111007.mrc
=STA  \\$aSUPPRESSED$bEThOS can't supply or embargoed

