=LDR  03542 am a22004817a 4500
=001  015923756
=003  Uk
=005  20111010153530.0
=006  m\\\\\\\\d\\\\\\\\
=007  cr\|||||||||||
=008  111010s2010\\\\xxk\\\\\sbm\\\000\0\eng\\
=040  \\$aUk$beng$cUk$dUk
=082  04$a535$223
=100  1\$aDarios, Delphine.
=245  10$aInvestigation of photoelectrons from molecules in a strong field$h[electronic resource].
=260  \\$bImperial College, London,$c2010.
=300  \\$ap. :$bdigital, PDF file.
=336  \\$atext$2rdacontent
=337  \\$acomputer$2rdamedia
=338  \\$aonline resource$2rdacarrier
=502  \\$aThesis (Ph.D.)--Imperial College London, 2010.
=504  \\$aIncludes bibliographical references.
=520  3\$aWhen intense and few-cycle laser pulses interact with an atomic/molecular beam highorderAbove Threshold Ionisation (HATI) can take place. The resulting electrons can bere-scattered from the parent atoms/molecules and gain kinetic energy. The HATI electronscontain information about the atomic/molecular structure thus providing a method toprobe atomic and molecular dynamics with sub-fs temporal and sub-angstr?m spatialresolution. In this thesis the development of a Velocity Map Imaging apparatus capable of measuringthe two-dimensional (2D) projection of the velocity distribution of electrons with energiesup to 400 eV is described. This device was implemented with a molecular beam apparatusto study the electron re-scattering process that occurs when atoms/molecules are subjectedto strong laser fields. Time-of-fight measurements were carried out to find the molecularbeam. To perform the experiments a method to generate intense and few-cycle pulsesbased on hollow fibre pulse compression has been implemented. Pulses of 14 fs withenergies of 500 ?J have been measured in a differentially pumped fibre set-up, with inputpulses of 42 fs and 700 ?J using a home-made Frequency-Resolved Optical Gating device. The performance of the VMI apparatus was investigated by first studying the ATI ringsformed by low energy electrons. Then, a study of the high energy electrons was carried outin different gases and re-scattered electrons with energies up to 100 eV were measured. The photoelectron spectra recorded with linearly polarised laser exhibit a plateau with acut-off at 10 UP that is a characteristic of the re-scattering process. The observation of rescatteredelectrons was confirmed by two techniques: comparison of the data obtainedwith vertical polarisation (re-scattering) and circular polarisation (no re-scattering) andanalysis of the structure in the angular distribution obtained in Xenon.
=538  \\$aMode of access: World Wide Web.
=710  2\$aImperial College, London.
=852  4\$aBritish Library$bDSC$cDRT$j513507
=856  40$uhttp://hdl.handle.net/10044/1/5541
=859  \\$aXLD$bEThOS
=CAT  \\$aETHOSBKLG$b00$c20111010$lBLL01$h1535
=CAT  \\$aETHOSBKLG$c20111010$lBLL01$h1607
=CAT  \\$aETHOSBKLG$c20111010$lBLL01$h1631
=CAT  \\$aBATCH$b00$c20111010$lBLL01$h1823
=CAT  \\$aBATCH-UPD$b00$c20121030$lBLL01$h1022
=CAT  \\$aWR13.117$c20130727$lBLL01$h2009
=CAT  \\$aWR13.144/5$c20140418$lBLL01$h1028
=CAT  \\$aBATCH-ETHO$b00$c20150802$lBLL01$h0151
=CAT  \\$aBATCH-ETH8$c20170506$lBLL01$h1041
=DRT  \\$aETHOS
=FIN  \\$aY$d20111010
=FMT  \\$a  BK
=LAS  \\$aBATCH-ETH8$b00$c20170506$lBLL01$h1041
=SRC  \\$aEThOS$bethos_marc_111007.mrc
=STA  \\$aSUPPRESSED$bEThOS can't supply or embargoed

