=LDR  03711 am a22004697a 4500
=001  015923757
=003  Uk
=005  20111010153530.0
=006  m\\\\\\\\d\\\\\\\\
=007  cr\|||||||||||
=008  101031s2010\\\\xxk\\\\\sbm\\\000\0\eng\\
=040  \\$aUk$beng$cUk
=082  04$a572.8$223
=100  1\$aBushell, Ellen S. C.
=245  10$aPlasmodium genes responsible for oocyst development and interaction with its Anopheline vector$h[electronic resource].
=260  \\$bImperial College London,$c2010.
=300  \\$a272 p. :$bdigital, PDF file.
=336  \\$atext$2rdacontent
=337  \\$acomputer$2rdamedia
=338  \\$aonline resource$2rdacarrier
=502  \\$aThesis (Ph.D.)--Imperial College London, 2010.
=504  \\$aIncludes bibliographical references.
=520  3\$aThe transmission of the malaria parasite Plasmodium is governed by a complex developmental cycle. This PhD thesis describes the transcriptional profiling of the rodent malaria parasite Plasmodium berghei developmental migration through its A. gambiae vector. The study was conducted in vivo, using a near complete P. berghei genome microarray platform. Emphasis was placed on the oocyst stage, as little is known about the genes implicated in the ookinete to oocyst transition, and oocyst maturation. The data presented here provide novel transcriptional information about Plasmodium transmission. The analysis revealed a large shift in gene utilisation as the parasite makes its transition from the motile ookinete to the sessile oocyst. Furthermore, this work has shown that different sets of co-regulated genes are important for early and late oocyst development. In addition, this PhD thesis outlines the characterisation of a novel Plasmodium formin-like protein essential for rodent malaria transmission named the male inherited sporulation factor important for transmission (misfit). MISFIT is expressed in the early mosquito stages, where the protein localises to the parasite nucleus. Misfit exhibits an absolute requirement for paternal inheritance, which is in accordance with an observed male-biased expression pattern. pbmisfitΔ ookinetes display significant ultrastructural and gene expression defects and fail to complete zygotic meiosis. However, pbmisfitΔ ookinetes retain functionality and can successfully cross the midgut epithelial barrier. In contrast, mosquito infections with pbmisfitΔ resulted in an arrest immediately upon ookinete-oocyst transformation, where defective oocysts fail to sporulate. An essential role in chromosome segregation during mitosis/meiosis is postulated for MISFIT. In conclusion, the work presented in this thesis has established the ookinete-oocyst transition as a major cell cycle check point during malaria transmission and identified misfit as the first male inherited Plasmodium gene known to affect development post-fertilisation.
=538  \\$aMode of access: World Wide Web.
=710  2\$aImperial College, London.
=852  4\$aBritish Library$bDSC$cDRT$j513508
=856  40$uhttp://hdl.handle.net/10044/1/5542
=859  \\$aXLD$bEThOS
=CAT  \\$aETHOSBKLG$b00$c20111010$lBLL01$h1535
=CAT  \\$aETHOSBKLG$c20111010$lBLL01$h1607
=CAT  \\$aETHOSBKLG$c20111010$lBLL01$h1631
=CAT  \\$aBATCH$b00$c20111010$lBLL01$h1823
=CAT  \\$aBATCH-UPD$b00$c20121030$lBLL01$h1022
=CAT  \\$aWR13.117$c20130727$lBLL01$h2009
=CAT  \\$aWR13.144/5$c20140418$lBLL01$h1028
=CAT  \\$aBATCH-ETHO$b00$c20140502$lBLL01$h0139
=DRT  \\$aETHOS
=FIN  \\$aY$d20111010
=FMT  \\$a  BK
=LAS  \\$aBATCH-ETHO$b00$c20140502$lBLL01$h0139
=SRC  \\$aEThOS$bethos_marc_111007.mrc
=STA  \\$aSUPPRESSED$bEThOS can't supply or embargoed

