=LDR  03993 am a22004817a 4500
=001  015923759
=003  Uk
=005  20111010153530.0
=006  m\\\\\\\\d\\\\\\\\
=007  cr\|||||||||||
=008  111010s2009\\\\xxk\\\\\sbm\\\000\0\eng\\
=040  \\$aUk$beng$cUk$dUk
=082  04$a620.106$223
=100  1\$aGeipel, Philipp.
=245  10$aExperimental research on turbulent reacting flows using gaseous and liquid fuels$h[electronic resource].
=260  \\$bImperial College, London,$c2009.
=300  \\$ap. :$bdigital, PDF file.
=336  \\$atext$2rdacontent
=337  \\$acomputer$2rdamedia
=338  \\$aonline resource$2rdacarrier
=502  \\$aThesis (Ph.D.)--Imperial College London, 2009.
=504  \\$aIncludes bibliographical references.
=520  3\$aAn investigation into turbulent reacting flows in an opposed jet geometry and a suddenexpansion duct has been performed. For the opposed jet geometry, measurements ofthe velocity and reaction progress variable were obtained in lean premixed flames. Bothvelocity and scalar measurements were taken using PIV (Particle Image Velocimetry).Three gaseous fuels (methane, propane and ethylene) and three liquid fuels (JP-10,cyclopentane and cyclopentene) were considered for a range of equivalence ratios. Thebroad range of fuels enabled an investigation of the effect of different fuel reactivities onthe velocity field and flame location and also allowed the effect of the Lewis number on flame extinction to be investigated. Preliminary work included isothermal measurements of the flow between and inside thenozzles. The use of fractal grids inside the nozzle increased turbulence intensities at thenozzle exit by 100% and turbulent Reynolds numbers between 50 - 220 were achieved. Velocity and normal stress components were measured with attention focused on theinlet boundary, along the burner centreline and the stagnation plane. A circular duct, incorporating a sudden expansion step, was also used to investigate theeffect of swirl on pressure oscillations within the duct, the lean flammability limits andthe NOx emissions. Measurements were performed for stratified flow conditions usingmethane as a fuel. The results show that excessive swirl leads to an increase in localstrain in the vicinity of the expansion step and makes the flame more prone to localextinction. Moderate swirl was found to lower the amplitudes of the pressure oscillationsclose to global extinction and also to decrease the lean extinction limit of the stratified flow conditions. However, it did not decrease the overall equivalence ratio of flows witha richer core and a leaner annulus. Flows with only air in the core flow led to an overallequivalence ratio as lean as 0.3 for methane compared with 0.6 for the uniform flow. Stratification with a fuel rich core flow and a leaner annular flow led to an increase inNOx emissions due to locally increased temperatures. The addition of moderate swirlenhanced mixing of the annular and the core flows, which resulted in a more uniformfuel distribution close to the step and a reduction in NOx-levels up to 50%.
=538  \\$aMode of access: World Wide Web.
=710  2\$aImperial College, London.
=852  4\$aBritish Library$bDSC$cDRT$j513510
=856  40$uhttp://hdl.handle.net/10044/1/5544
=859  \\$aXLD$bEThOS
=CAT  \\$aETHOSBKLG$b00$c20111010$lBLL01$h1535
=CAT  \\$aETHOSBKLG$c20111010$lBLL01$h1607
=CAT  \\$aETHOSBKLG$c20111010$lBLL01$h1631
=CAT  \\$aBATCH$b00$c20111010$lBLL01$h1823
=CAT  \\$aBATCH-UPD$b00$c20121030$lBLL01$h1022
=CAT  \\$aWR13.117$c20130727$lBLL01$h2009
=CAT  \\$aWR13.144/5$c20140418$lBLL01$h1028
=CAT  \\$aBATCH-ETHO$b00$c20140502$lBLL01$h0139
=CAT  \\$aBATCH-ETH8$c20170506$lBLL01$h1041
=DRT  \\$aETHOS
=FIN  \\$aY$d20111010
=FMT  \\$a  BK
=LAS  \\$aBATCH-ETH8$b00$c20170506$lBLL01$h1041
=SRC  \\$aEThOS$bethos_marc_111007.mrc
=STA  \\$aSUPPRESSED$bEThOS can't supply or embargoed

