=LDR  03767 am a22004817a 4500
=001  015923760
=003  Uk
=005  20111010153530.0
=006  m\\\\\\\\d\\\\\\\\
=007  cr\|||||||||||
=008  111010s2010\\\\xxk\\\\\sbm\\\000\0\eng\\
=040  \\$aUk$beng$cUk$dUk
=082  04$a629.13$223
=100  1\$aNilsuwan, Sma.
=245  10$aUninhabited aircraft design optimised for close formation air-refuelling flight$h[electronic resource].
=260  \\$bImperial College, London,$c2010.
=300  \\$ap. :$bdigital, PDF file.
=336  \\$atext$2rdacontent
=337  \\$acomputer$2rdamedia
=338  \\$aonline resource$2rdacarrier
=502  \\$aThesis (Ph.D.)--Imperial College London, 2010.
=504  \\$aIncludes bibliographical references.
=520  3\$aUninhabited combat aerial vehicles (UCAVs) are intended for carrying out high-riskcombat missions with a high degree of precision, effectiveness and efficiency andwithout endangering pilots? lives. An air refuelling system for UCAVs could bringout their full potential in wartime action, by extending their range capability andincreasing their airborne time. Hence, the main aim of this PhD research programmewas to develop a design and optimisation methodology for an innovative conceptconsisting of a large uninhabited tanker and a number of UCAVs flying in a closeformation, with an optimised and fully autonomous air refuelling capability. Theclose formation flight of this tanker and UCAVs combination provides aerodynamicbenefits which together with an optimised air-to-air refuelling sequence will result ina significantly extended combat radius and capability without unnecessarilycompromising the UCAVs? physical size. With a stealth design approach, theproposed combination could fly directly to a faraway destination without anyintermediate stops, hence minimizing any risk of detection, with significant fuel andtime savings. To fully exploit the potential advantages the above combination, boththe autonomous tanker and the UCAV concepts have been designed throughspecially developed and separate synthesis methodologies and each aircraft wassubsequently optimised for its respective operational role. An investigation intoformation flight aerodynamics has also been conducted. A method for evaluating theassociated aerodynamic benefits has been developed using a modified vortex-latticeapproach, to automatically locate an optimal formation position for each aircraft inflight. A further method has also been developed to optimise the air refuellingsequence of the UCAVs by utilising the design synthesis and formation flight resultsaiming to maximise a range objective function. The above design synthesis andoptimisation methodologies have all been integrated into an automated programwritten in Visual Basic. NET, featuring Graphical User Interfaces for simpler, fasterand repetitive implementation.
=538  \\$aMode of access: World Wide Web.
=710  2\$aImperial College, London.
=852  4\$aBritish Library$bDSC$cDRT$j513511
=856  40$uhttp://hdl.handle.net/10044/1/5545
=859  \\$aXLD$bEThOS
=CAT  \\$aETHOSBKLG$b00$c20111010$lBLL01$h1535
=CAT  \\$aETHOSBKLG$c20111010$lBLL01$h1607
=CAT  \\$aETHOSBKLG$c20111010$lBLL01$h1631
=CAT  \\$aBATCH$b00$c20111010$lBLL01$h1823
=CAT  \\$aBATCH-UPD$b00$c20121030$lBLL01$h1022
=CAT  \\$aWR13.117$c20130727$lBLL01$h2009
=CAT  \\$aWR13.144/5$c20140418$lBLL01$h1028
=CAT  \\$aBATCH-ETHO$b00$c20140502$lBLL01$h0139
=CAT  \\$aBATCH-ETH8$c20170506$lBLL01$h1041
=DRT  \\$aETHOS
=FIN  \\$aY$d20111010
=FMT  \\$a  BK
=LAS  \\$aBATCH-ETH8$b00$c20170506$lBLL01$h1041
=SRC  \\$aEThOS$bethos_marc_111007.mrc
=STA  \\$aSUPPRESSED$bEThOS can't supply or embargoed

