=LDR  03861 am a22004817a 4500
=001  015923761
=003  Uk
=005  20111010153530.0
=006  m\\\\\\\\d\\\\\\\\
=007  cr\|||||||||||
=008  111010s2010\\\\xxk\\\\\sbm\\\000\0\eng\\
=040  \\$aUk$beng$cUk$dUk
=082  04$a541.39$223
=100  1\$aHusain, Sehban.
=245  10$aSite specific characterisation of hydrocracking catalysts using nanoanalytical electron microscopy$h[electronic resource].
=260  \\$bImperial College, London,$c2010.
=300  \\$ap. :$bdigital, PDF file.
=336  \\$atext$2rdacontent
=337  \\$acomputer$2rdamedia
=338  \\$aonline resource$2rdacarrier
=502  \\$aThesis (Ph.D.)--Imperial College London, 2010.
=504  \\$aIncludes bibliographical references.
=520  3\$aDuring use, carbonaceous material or ?coke? can deposit on catalysts resulting in decreasedactivity and lifetime. In this thesis, the results of investigations into the structure anddistribution of coke, on hydrocracking catalysts, are reported. The material consists of zeoliteY, alumina binder as well as tungsten and nickel sulfide. An extensive investigation regarding the preparation of the catalysts for electron microscopywas carried out. It was established that microtoming produced specimen damage and henceregions of porosity, zeolite and alumina binder were difficult to identify. Single beam anddual beam focused ion beam (FIB) milling produced intact specimens and the spatialdistribution of the catalysts was maintained, although thinner specimens were obtained usingthe latter technique. Energy-dispersive X-ray (EDX) mapping identified gallium andplatinum as artefacts in specimens that had been prepared by a single beam FIB system. Inaddition, argon ion beam milling was used and this technique produced large regions of thin material. Energy-filtered transmission electron microscopy (EFTEM) was employed to reveal thedistribution of carbon in the catalyst. Carbon was identified on alumina binder, zeolite grainsand meso-/macro-pores, although the distribution of carbon was generally not uniform as it isdetermined by the density and strength of acid sites, geometry of pores and the proximity ofmetal sulfide crystallites. All of these factors, especially pores size and shape, vary in the catalysts. Coke is thought to consist of polyaromatic hydrocarbons (PAHs). Electron energy-lossspectroscopy (EELS), of selected PAH standards, was performed to obtain the electronenergy-loss near edge structure (ELNES) of carbon. In addition, the ELNES of four PAHswas modelled using multiple scatter calculations. EELS of the catalysts revealed that PAHsare present on zeolitic components but ELNES was not identified on the alumina binder. Thisis possibly because alumina contains larger pores than zeolite Y; therefore larger moleculescan diffuse into the alumina structure, which increases the chemical variety of the cokespecies as the molecules are not sterically impeded.
=538  \\$aMode of access: World Wide Web.
=710  2\$aImperial College, London.
=852  4\$aBritish Library$bDSC$cDRT$j513512
=856  40$uhttp://hdl.handle.net/10044/1/5546
=859  \\$aXLD$bEThOS
=CAT  \\$aETHOSBKLG$b00$c20111010$lBLL01$h1535
=CAT  \\$aETHOSBKLG$c20111010$lBLL01$h1607
=CAT  \\$aETHOSBKLG$c20111010$lBLL01$h1631
=CAT  \\$aBATCH$b00$c20111010$lBLL01$h1823
=CAT  \\$aBATCH-UPD$b00$c20121030$lBLL01$h1022
=CAT  \\$aWR13.117$c20130727$lBLL01$h2009
=CAT  \\$aWR13.144/5$c20140418$lBLL01$h1028
=CAT  \\$aBATCH-ETHO$b00$c20140502$lBLL01$h0139
=CAT  \\$aBATCH-ETH8$c20170506$lBLL01$h1041
=DRT  \\$aETHOS
=FIN  \\$aY$d20111010
=FMT  \\$a  BK
=LAS  \\$aBATCH-ETH8$b00$c20170506$lBLL01$h1041
=SRC  \\$aEThOS$bethos_marc_111007.mrc
=STA  \\$aSUPPRESSED$bEThOS can't supply or embargoed

