=LDR  03564 am a22004817a 4500
=001  015923762
=003  Uk
=005  20111010153530.0
=006  m\\\\\\\\d\\\\\\\\
=007  cr\|||||||||||
=008  111010s2009\\\\xxk\\\\\sbm\\\000\0\eng\\
=040  \\$aUk$beng$cUk$dUk
=082  04$a520$223
=100  1\$aPaykari, Paniez.
=245  10$aBinning of the primordial power spectrum and optimal galaxy survey design$h[electronic resource].
=260  \\$bImperial College, London,$c2009.
=300  \\$ap. :$bdigital, PDF file.
=336  \\$atext$2rdacontent
=337  \\$acomputer$2rdamedia
=338  \\$aonline resource$2rdacarrier
=502  \\$aThesis (Ph.D.)--Imperial College London, 2009.
=504  \\$aIncludes bibliographical references.
=520  3\$aThe power spectrum describes the fluctuations in the Universe and encodes muchof the cosmological information. Hence measuring different types of power spectrais of great importance in cosmology today. In this thesis we try to constraintwo of these power spectra, the primordial power spectrum and the galaxy powerspectrum. First we analyse the binning of the primordial power spectrum. Theprimordial power spectrum describes the initial perturbations in the Universe whicheventually grew into the large-scale structure we observe today, and thereby providesan indirect probe of inflation or other structure-formation mechanisms. Wewill investigate which scales the primordial power spectrum can best be probed, inaccordance with the knowledge about other cosmological parameters. The aim isto find the most informative way of measuring the primordial power spectrum atdifferent length scales, using different types of surveys, such as Planck and SDSS(Bright Red Galaxy). For this we make use of the Fisher matrix formalism, principalcomponent analysis and Hermitian square root of the Fisher matrix. This methodof binning of the primordial power spectrum is then applied to the reconstruction ofthis power spectrum from WMAP and simulated Planck data. Here a new methodfor the reconstructing, directly from observations of the Cosmic Microwave Background(CMB), is introduced. Finally, we investigate the optimal observing strategyfor measuring galaxy/matter power spectrum. These power spectra are of great importancein cosmology. Measuring this spectrum will enable us to measure othercosmological parameters. If we are only interested in the large scale power spectrumthen we might gain more by sparsely observing a larger patch of sky, for the sameobserving time, rather than observing a smaller contiguous area. We will investigatethe advantages and disadvantages of this strategy using Bayesian ExperimentalDesign.
=538  \\$aMode of access: World Wide Web.
=710  2\$aImperial College, London.
=852  4\$aBritish Library$bDSC$cDRT$j513513
=856  40$uhttp://hdl.handle.net/10044/1/5547
=859  \\$aXLD$bEThOS
=CAT  \\$aETHOSBKLG$b00$c20111010$lBLL01$h1535
=CAT  \\$aETHOSBKLG$c20111010$lBLL01$h1607
=CAT  \\$aETHOSBKLG$c20111010$lBLL01$h1631
=CAT  \\$aBATCH$b00$c20111010$lBLL01$h1823
=CAT  \\$aBATCH-UPD$b00$c20121030$lBLL01$h1022
=CAT  \\$aWR13.117$c20130727$lBLL01$h2009
=CAT  \\$aWR13.144/5$c20140418$lBLL01$h1028
=CAT  \\$aBATCH-ETHO$b00$c20140502$lBLL01$h0139
=CAT  \\$aBATCH-ETH8$c20170506$lBLL01$h1041
=DRT  \\$aETHOS
=FIN  \\$aY$d20111010
=FMT  \\$a  BK
=LAS  \\$aBATCH-ETH8$b00$c20170506$lBLL01$h1041
=SRC  \\$aEThOS$bethos_marc_111007.mrc
=STA  \\$aSUPPRESSED$bEThOS can't supply or embargoed

