=LDR  03645 am a22004937a 4500
=001  015923763
=003  Uk
=005  20111010153530.0
=006  m\\\\\\\\d\\\\\\\\
=007  cr\|||||||||||
=008  111010s2009\\\\xxk\\\\\sbm\\\000\0\eng\\
=040  \\$aUk$beng$cUk$dUk
=082  04$a519$223
=100  1\$aChoujaa, Driss.
=245  10$aProbabilistic modelling and inference of human behaviour from mobile phone time series$h[electronic resource].
=260  \\$bImperial College, London,$c2009.
=300  \\$ap. :$bdigital, PDF file.
=336  \\$atext$2rdacontent
=337  \\$acomputer$2rdamedia
=338  \\$aonline resource$2rdacarrier
=502  \\$aThesis (Ph.D.)--Imperial College London, 2009.
=504  \\$aIncludes bibliographical references.
=520  3\$aWith an estimated 4.1 billion subscribers around the world, the mobile phone offers a uniqueopportunity to sense and understand human behaviour from location, co-presence and communicationdata. While the benefit of modelling this unprecedented amount of data is widelyrecognised, a number of challenges impede the development of accurate behaviour models. Inthis thesis, we identify and address two modelling problems and show that their considerationimproves the accuracy of behaviour inference. We first examine the modelling of long-range dependencies in human behaviour. Human behaviourmodels only take into account short-range dependencies in mobile phone time series. Using information theory, we quantify long-range dependencies in mobile phone time series forthe first time, demonstrate that they exhibit periodic oscillations and introduce novel tools toanalyse them. We further show that considering what the user did 24 hours earlier improvesaccuracy when predicting user behaviour five hours or longer in advance. The second problem that we address is the modelling of temporal variations in human behaviour. The time spent by a user on an activity varies from one day to the next. In order torecognise behaviour patterns despite temporal variations, we establish a methodological connectionbetween human behaviour modelling and biological sequence alignment. This connectionallows us to compare, cluster and model behaviour sequences and introduce novel features forbehaviour recognition which improve its accuracy. The experiments presented in this thesis have been conducted on the largest publicly availablemobile phone dataset labelled in an unsupervised fashion and are entirely repeatable. Furthermore,our techniques only require cellular data which can easily be recorded by today s mobilephones and could benefit a wide range of applications including life logging, health monitoring,customer profiling and large-scale surveillance.
=536  \\$aSponsored by: EPSRC
=538  \\$aMode of access: World Wide Web.
=710  2\$aImperial College, London.
=852  4\$aBritish Library$bDSC$cDRT$j513514
=856  40$uhttp://hdl.handle.net/10044/1/5548
=859  \\$aXLD$bEThOS
=CAT  \\$aETHOSBKLG$b00$c20111010$lBLL01$h1535
=CAT  \\$aETHOSBKLG$c20111010$lBLL01$h1607
=CAT  \\$aETHOSBKLG$c20111010$lBLL01$h1631
=CAT  \\$aBATCH$b00$c20111010$lBLL01$h1823
=CAT  \\$aBATCH-UPD$b00$c20121030$lBLL01$h1022
=CAT  \\$aWR13.117$c20130727$lBLL01$h2009
=CAT  \\$aWR13.144/5$c20140418$lBLL01$h1028
=CAT  \\$aBATCH-ETHO$b00$c20140502$lBLL01$h0139
=CAT  \\$aBATCH-ETH8$c20170506$lBLL01$h1041
=DRT  \\$aETHOS
=FIN  \\$aY$d20111010
=FMT  \\$a  BK
=LAS  \\$aBATCH-ETH8$b00$c20170506$lBLL01$h1041
=SRC  \\$aEThOS$bethos_marc_111007.mrc
=STA  \\$aSUPPRESSED$bEThOS can't supply or embargoed

