=LDR  05415 am a22004937a 4500
=001  015923764
=003  Uk
=005  20111010153530.0
=006  m\\\\\\\\d\\\\\\\\
=007  cr\|||||||||||
=008  111010s2010\\\\xxk\\\\\sbm\\\000\0\eng\\
=040  \\$aUk$beng$cUk$dUk
=082  04$a330.9$223
=100  1\$aHargreaves-Allen, Venetia.
=245  10$aEconomic values, distributional impacts and conservation outcomes for coral reef marine protected areas$h[electronic resource].
=260  \\$bImperial College, London,$c2010.
=300  \\$ap. :$bdigital, PDF file.
=336  \\$atext$2rdacontent
=337  \\$acomputer$2rdamedia
=338  \\$aonline resource$2rdacarrier
=502  \\$aThesis (Ph.D.)--Imperial College London, 2010.
=504  \\$aIncludes bibliographical references.
=520  3\$aMarine protected areas (MPAs) are the dominant global strategy to counter widespread coral reef degradation, which threatens these coral reef ecosystems, the biodiversity they support, and the direct and indirect benefits they provision for millions of stakeholders, many of whom are in developing countries and have a high reliance on natural resources. Insufficient understanding of the conditions that enable MPAs to achieve their conservation and development goals means MPAs are yet to achieve their full potential. Similarly, inadequate awareness of the distributional aspects MPAs generate can leading to conflict and ultimately MPA failure. This research explores the links between two key themes of MPAs; efficiency and equity. A local case study in Belize is used to explore the ability of a MPA to provide a suite of benefits (net of costs) related to fishing, tourism, recreation and existence and bequest values in 2007. The values quantified demonstrate that the reserve represents an excellent return on conservation investment, particularly if non-user values are included. Survey effects associated with contingent valuation are found to be important and merit further research. Current entrance fees do capture much of the consumer surplus values which the reserve generates. Optimal fees are explored using the demand curve generated from the CVM. Non-use and local values, which are too rarely incorporated into MPA valuations are shown to be large, thus they are important to ensure well-informed decision making. A distributional analysis is undertaken, which quantifies transfers of wealth between stakeholders. This shows that incentives differ between stakeholders; where fishers, tour operators and international NGOs are incurring the direct costs. Contrary to what may be occurring elsewhere, the distribution of costs at local, national and international scales is found to be equivalent, although the benefits are highly skewed towards international stakeholders. Finally, I show that local community members, who will ultimately cause an MPA to fail or succeed, perceive costs and benefits fairly accurately. Thus the provision of local benefits is likely to improve MPA performance. A global coral reef MPA evaluation is undertaken, utilizing expert knowledge from MPAs in 33 countries. This constitutes the most comprehensive coral reef MPA performance evaluation to be carried out to date with a single methodology. MPA performance is shown to vary widely and to be unrelated to MPAs aims. Conclusions as to which are the most effective MPAs are also frequently altered, when incorporating temporal changes and spatial comparisons (assessing the counterfactual case). This dataset is also used to explore the extent to which different facets of success are coupled. I find that socio-economic and ecological benefits do not always occur concurrently and that a better appreciation of trade-offs is needed. The large variation in sample outcomes is used to explore drivers of success, including MPA features, management actions and contextual variables. MPA features such as size and zoning are found to support widespread hypotheses about the drivers of effectiveness. A non-linear temporal component of performance is identified, as are interactions between MPA features and outcomes. The provision of direct and indirect community benefits emerges as a crucial component of success. Frequently however, threats beyond the control of management and those inside the MPA which stem from inadequate resources are found to be undermining the effectiveness of coral reef MPAs.
=536  \\$aSponsored by: ESRC, Natural Environmental Research Council, Conservation Strategy Fund, World Fish Centre
=538  \\$aMode of access: World Wide Web.
=710  2\$aImperial College, London.
=852  4\$aBritish Library$bDSC$cDRT$j513515
=856  40$uhttp://hdl.handle.net/10044/1/5549
=859  \\$aXLD$bEThOS
=CAT  \\$aETHOSBKLG$b00$c20111010$lBLL01$h1535
=CAT  \\$aETHOSBKLG$c20111010$lBLL01$h1607
=CAT  \\$aETHOSBKLG$c20111010$lBLL01$h1631
=CAT  \\$aBATCH$b00$c20111010$lBLL01$h1823
=CAT  \\$aBATCH-UPD$b00$c20121030$lBLL01$h1022
=CAT  \\$aWR13.117$c20130727$lBLL01$h2009
=CAT  \\$aWR13.144/5$c20140418$lBLL01$h1028
=CAT  \\$aBATCH-ETHO$b00$c20140502$lBLL01$h0139
=CAT  \\$aBATCH-ETH8$c20170506$lBLL01$h1041
=DRT  \\$aETHOS
=FIN  \\$aY$d20111010
=FMT  \\$a  BK
=LAS  \\$aBATCH-ETH8$b00$c20170506$lBLL01$h1041
=SRC  \\$aEThOS$bethos_marc_111007.mrc
=STA  \\$aSUPPRESSED$bEThOS can't supply or embargoed

