=LDR  04047 am a22004937a 4500
=001  015923765
=003  Uk
=005  20111010153530.0
=006  m\\\\\\\\d\\\\\\\\
=007  cr\|||||||||||
=008  111010s2009\\\\xxk\\\\\sbm\\\000\0\eng\\
=040  \\$aUk$beng$cUk$dUk
=082  04$a547.7$223
=100  1\$aRosenberg, Gillian.
=245  10$aSite selective labelling of proteins via native chemical ligation$h[electronic resource].
=260  \\$bImperial College, London,$c2009.
=300  \\$ap. :$bdigital, PDF file.
=336  \\$atext$2rdacontent
=337  \\$acomputer$2rdamedia
=338  \\$aonline resource$2rdacarrier
=502  \\$aThesis (Ph.D.)--Imperial College London, 2009.
=504  \\$aIncludes bibliographical references.
=520  3\$aA novel protein labelling strategy has been developed based on a chemical reaction knownas Native Chemical Ligation (NCL). NCL is a highly specific and facile reaction, ligating athioester specifically to an N-terminal cysteine residue and can be used to tag proteins in aselective and quantitative manner. This has advantages over traditional labelling methodssuch as use of green fluorescent protein: labelling with a small molecule is less likely tointerfere with the protein's native biological activity, and its physicochemical properties canbe fine-tuned by synthesis. The key challenge is generating the protein bearing an N-terminalcysteine. The strategy developed in this thesis utilises the Foot-and-Mouth Disease Virus 3C protease (3Cpro), a highly selective protease that cleaves at PAKQ X with no apparent specificity for the P1' position. To demonstrate the application of 3Cpro for NCL-mediated labelling, fluorescein was specifically ligated to the N-terminus of the PH domain of Protein Kinase B (PKB), which when defective is a key protagonist in a number of cancers. An expression-purification strategy was developed to express the protein as a fusion with a GST affinity tag, linked by the sequence PAKQC. The GST-PAKQC-PH protein was cleaved using 3Cpro and purified, yielding the N-terminal cysteine protein, C-PH, which was subsequently coupled to a fluorescein thioester via NCL. The labelled PH domain was successfully used as a probe of membrane bound phosphoinositol lipids in a fixed cell imaging assay. Suitable thioester tags are generated by converting an activated succinimide ester to a mercaptoethanesulfonate thioester using mercaptoethanesulfonate. This reaction was used to build up a labelling library of labels ranging from fluorescent dyes for imaging to biotin for pull-down studies, all of which were successfully ligated on the C-PH domain. This labelling strategy was then taken one step further to allow the specific labelling of the target from within a protein mixture. NCL is a generic method, requiring only a thioester and a cysteine N-terminus, therefore the versatility of this system can be exploited to create an easy to use labelling 'toolbox'. The constructs and chemical tools produced here should enable facile production of a wide range of N-terminally labelled recombinant proteins for a vast array of studies.
=536  \\$aSponsored by: EPSRC
=538  \\$aMode of access: World Wide Web.
=710  2\$aImperial College, London.
=852  4\$aBritish Library$bDSC$cDRT$j513516
=856  40$uhttp://hdl.handle.net/10044/1/5550
=859  \\$aXLD$bEThOS
=CAT  \\$aETHOSBKLG$b00$c20111010$lBLL01$h1535
=CAT  \\$aETHOSBKLG$c20111010$lBLL01$h1607
=CAT  \\$aETHOSBKLG$c20111010$lBLL01$h1631
=CAT  \\$aBATCH$b00$c20111010$lBLL01$h1823
=CAT  \\$aBATCH-UPD$b00$c20121030$lBLL01$h1022
=CAT  \\$aWR13.117$c20130727$lBLL01$h2009
=CAT  \\$aWR13.144/5$c20140418$lBLL01$h1028
=CAT  \\$aBATCH-ETHO$b00$c20140502$lBLL01$h0139
=CAT  \\$aBATCH-ETH8$c20170506$lBLL01$h1041
=DRT  \\$aETHOS
=FIN  \\$aY$d20111010
=FMT  \\$a  BK
=LAS  \\$aBATCH-ETH8$b00$c20170506$lBLL01$h1041
=SRC  \\$aEThOS$bethos_marc_111007.mrc
=STA  \\$aSUPPRESSED$bEThOS can't supply or embargoed

