=LDR  03655 am a22004817a 4500
=001  015923766
=003  Uk
=005  20111010153530.0
=006  m\\\\\\\\d\\\\\\\\
=007  cr\|||||||||||
=008  111010s2008\\\\xxk\\\\\sbm\\\000\0\eng\\
=040  \\$aUk$beng$cUk$dUk
=082  04$a543$223
=100  1\$aPearce, Ruth Elizabeth.
=245  10$aCarbon nanotubes as fire gas sensors$h[electronic resource].
=260  \\$bImperial College, London,$c2008.
=300  \\$ap. :$bdigital, PDF file.
=336  \\$atext$2rdacontent
=337  \\$acomputer$2rdamedia
=338  \\$aonline resource$2rdacarrier
=502  \\$aThesis (Ph.D.)--Imperial College London, 2008.
=504  \\$aIncludes bibliographical references.
=520  3\$aMulti walled carbon nanotubes (MWCNTs) possess properties that make them particularlyrelevant for sensing applications in both the gas and liquid phase. Thisstudy presents an evaluation of cheap readily available CVD grown MWCNTs foruse as fire gas sensors. Current fire detectors exploit heat and smoke detectors andit is hoped that the inclusion of gas detectors will increase the speed and reliabilityof detection. In order to prepare a variety of different MWCNTs a range of CVD synthesis wereemployed including an injected catalyst method where MWCNTs grew in densemats from quartz substrates, MWCNTs were also synthesised using a sputtered Fecatalyst layer with acetylene as the carbon source which enabled control over thepositioning of the growth. In each case, the growth parameters were varied untilaligned growth was achieved. Doping of MWCNTs was also carried out as this mayenhance and enable some control over the electrical properties of the CNTs; nitrogenwas also added as a dopant by including 1,4-diazine as a precursor, and the effectson morphology of the MWCNTs produced were studied. The chemistry of the surface is also known to affect the sensing properties of CNTs. A batch of MWCNTs produced via the injected catalyst method were purifed byacid reflux, base washing and high temperature vacuum annealing, then modifiedwith platinum or palladium metal nanoparticles via a reduction of the metal saltsunder hydrogen. MWCNTs were also coated with the polymer polyethyleneimineand with copperphthalocyanine. Prototype sensor devices were fabricated by electrophoretic deposition of these modified MWCNTs, and gas testing was carried out with the gases NO2, NH3, CO, H2and C3H6. The mechanisms of sensing were investigated by repeating the tests atdifferent temperatures, which revealed which sensing mechanisms were dominantand responses were compared between the differently modified MWCNTs. Sensorresponse was also investigated with a series of vapours to probe the dispersive andpolar interactions on the MWCNT walls.
=538  \\$aMode of access: World Wide Web.
=710  2\$aImperial College, London.
=852  4\$aBritish Library$bDSC$cDRT$j513517
=856  40$uhttp://hdl.handle.net/10044/1/5551
=859  \\$aXLD$bEThOS
=CAT  \\$aETHOSBKLG$b00$c20111010$lBLL01$h1535
=CAT  \\$aETHOSBKLG$c20111010$lBLL01$h1607
=CAT  \\$aETHOSBKLG$c20111010$lBLL01$h1631
=CAT  \\$aBATCH$b00$c20111010$lBLL01$h1823
=CAT  \\$aBATCH-UPD$b00$c20121030$lBLL01$h1022
=CAT  \\$aWR13.117$c20130727$lBLL01$h2009
=CAT  \\$aWR13.144/5$c20140418$lBLL01$h1028
=CAT  \\$aBATCH-ETHO$b00$c20140502$lBLL01$h0139
=CAT  \\$aBATCH-ETH8$c20170506$lBLL01$h1041
=DRT  \\$aETHOS
=FIN  \\$aY$d20111010
=FMT  \\$a  BK
=LAS  \\$aBATCH-ETH8$b00$c20170506$lBLL01$h1041
=SRC  \\$aEThOS$bethos_marc_111007.mrc
=STA  \\$aSUPPRESSED$bEThOS can't supply or embargoed

