=LDR  04448 am a22004817a 4500
=001  015923768
=003  Uk
=005  20111010153530.0
=006  m\\\\\\\\d\\\\\\\\
=007  cr\|||||||||||
=008  111010s2009\\\\xxk\\\\\sbm\\\000\0\eng\\
=040  \\$aUk$beng$cUk$dUk
=082  04$a621.402$223
=100  1\$aVogiatzaki, Konstantina.
=245  10$aStochastic and deterministic multiple mapping conditioning for turbulent reacting jets$h[electronic resource].
=260  \\$bImperial College, London,$c2009.
=300  \\$ap. :$bdigital, PDF file.
=336  \\$atext$2rdacontent
=337  \\$acomputer$2rdamedia
=338  \\$aonline resource$2rdacarrier
=502  \\$aThesis (Ph.D.)--Imperial College London, 2009.
=504  \\$aIncludes bibliographical references.
=520  3\$aThe work presented in this thesis explores the feasibility of the Multiple Mapping Conditioning (MMC) approach and its closures for real (laboratory) flames. Three differentconfigurations with relatively high Reynolds numbers but without considerable degree ofextinction and re-ignition are investigated, and results are compared against experimentalmeasurements of mixing and reactive scalar fields and other commonly used models. MMC combines the probability density function (PDF) approach and the conditioningmethods via the application of a generalised mapping function to a prescribed referencespace. Stochastic and deterministic formulations of MMC exist. Both formulations havebeen explored here for the case of one dimensional Gaussian reference space that is associated with the evolution of mixture fraction. The chemically reactive species are implicitlyconditioned on mixture fraction, and their fluctuations around the conditional means areneglected for the deterministic approach and modelled for the stochastic approach. Regarding the velocity field evolution, the Reynolds Averaged Navier-Stokes equations aresolved with a k-[epsilon]turbulence model. In the deterministic context, this work evaluates the ability of MMC to provide accurate and consistent closures for the mixture fraction PDF and the conditional scalardissipation which do not rely on presumed shape functions for the PDF such as the commonly used [Beta]-PDF. Computed probability distributions agree well with measurements,and a detailed comparison of the modelled conditional and mean scalar dissipation withexperimental data and conventional closures demonstrate MMC?s potential. Predictions ofreactive species and temperature are in good agreement with experimental data and similar in quality to singly-conditioned, first-order CMC predictions. MMC therefore providesan attractive -since consistent- alternative approach for the modelling of scalar mixing inturbulent reacting flows. In the stochastic context the evolution of the reference space is described by a Markovprocess that is coupled with a full PDF method for joint scalar evolution. A modifiedIECM model is applied for the modelling of the mixing operator where the particles mixwith their means conditioned on the reference space. The formulation of the closure leadsto localness of mixing in the mixture fraction space and consequently localness is expectedto be improved in the composition space. Focus is given on the accurate prediction ofscattering around the conditional means. Results demonstrate the potential of the method,however some discrepancies are noted in the predictions that can probably be associatedwith the chemical mechanism and the uncertainties associated with the choice of the minordissipation time.
=538  \\$aMode of access: World Wide Web.
=710  2\$aImperial College, London.
=852  4\$aBritish Library$bDSC$cDRT$j513522
=856  40$uhttp://hdl.handle.net/10044/1/5561
=859  \\$aXLD$bEThOS
=CAT  \\$aETHOSBKLG$b00$c20111010$lBLL01$h1535
=CAT  \\$aETHOSBKLG$c20111010$lBLL01$h1607
=CAT  \\$aETHOSBKLG$c20111010$lBLL01$h1631
=CAT  \\$aBATCH$b00$c20111010$lBLL01$h1823
=CAT  \\$aBATCH-UPD$b00$c20121030$lBLL01$h1022
=CAT  \\$aWR13.117$c20130727$lBLL01$h2009
=CAT  \\$aWR13.144/5$c20140418$lBLL01$h1028
=CAT  \\$aBATCH-ETHO$b00$c20140502$lBLL01$h0139
=CAT  \\$aBATCH-ETH8$c20170506$lBLL01$h1041
=DRT  \\$aETHOS
=FIN  \\$aY$d20111010
=FMT  \\$a  BK
=LAS  \\$aBATCH-ETH8$b00$c20170506$lBLL01$h1041
=SRC  \\$aEThOS$bethos_marc_111007.mrc
=STA  \\$aSUPPRESSED$bEThOS can't supply or embargoed

