=LDR  04168 am a22004817a 4500
=001  015923769
=003  Uk
=005  20111010153530.0
=006  m\\\\\\\\d\\\\\\\\
=007  cr\|||||||||||
=008  111010s2010\\\\xxk\\\\\sbm\\\000\0\eng\\
=040  \\$aUk$beng$cUk$dUk
=082  04$a628$223
=100  1\$aChen, Deh Chien.
=245  10$aFeasibility of urban storm runoff as additional freshwater source$h[electronic resource] :$bSingapore as a case study.
=260  \\$bImperial College, London,$c2010.
=300  \\$ap. :$bdigital, PDF file.
=336  \\$atext$2rdacontent
=337  \\$acomputer$2rdamedia
=338  \\$aonline resource$2rdacarrier
=502  \\$aThesis (Ph.D.)--Imperial College London, 2010.
=504  \\$aIncludes bibliographical references.
=520  3\$aFreshwater is a finite resource. Faced with this challenge in the 21st century, there is an urgent need to augment existing sources of freshwater with sustainable alternatives. By adopting innovative demand management, water efficiency and conservation strategies, smart economics and advanced water technologies, water sustainability can be achieved as well as water security. The thesis posits that a decentralised system, like rooftop RWH, is feasible as an additional freshwater source running parallel to supplement and/ or complement the existing centralised mains water supply system for non-potable use even in high technology countries. Singapore, an urban city with abundant rainfall in a developed country context, is selected as a case study. As more than 80% of Singapore population lives in high-rise public housing, the HDB flats, rooftop RWH would augment the freshwater supply for urban storm runoffs that are discharged to the sea and are not collected in the stormwater collection ponds or reservoirs. Considerable potable water and cost savings would result as at least 25% of the potable mains water presently used for toilet-flushing, irrigation and floor-washing purposes could be substituted by rainwater. The centralised mains water supply system, as the main freshwater supply in socio-economic terms, is questioned as roofwater, with comparative good water quality, can be for non-potable use and thus supplement to meet the increasing water demand. RWH being a decentralised system, with numerous scattered water points throughout a city, has greater flexibility and autonomy and is less vulnerable to disruption in a distribution system, biological warfare and terrorism. For RWH to be successful, it must be carefully planned and designed to meet specific needs and conditions. In addition to enhancing technical guidelines, a combination of legislation, together with incentives, taxes and penalties helps to promote RWH and to maximize the benefits of implementing these systems. RWH is an under-used technology and strategy that can provide multiple benefits. When successfully implemented, RWH in the Singapore model can help close the gap in the total water cycle. It shows that even in a highly developed technological country like Singapore, there is room for a low but environmentally sound technology like RWH to play an important and relevant role. It is hoped that the lessons learned in Singapore can be replicated in other similar situations on a global scale.
=538  \\$aMode of access: World Wide Web.
=710  2\$aImperial College, London.
=852  4\$aBritish Library$bDSC$cDRT$j513523
=856  40$uhttp://hdl.handle.net/10044/1/5562
=859  \\$aXLD$bEThOS
=CAT  \\$aETHOSBKLG$b00$c20111010$lBLL01$h1535
=CAT  \\$aETHOSBKLG$c20111010$lBLL01$h1607
=CAT  \\$aETHOSBKLG$c20111010$lBLL01$h1631
=CAT  \\$aBATCH$b00$c20111010$lBLL01$h1823
=CAT  \\$aBATCH-UPD$b00$c20121030$lBLL01$h1022
=CAT  \\$aWR13.117$c20130727$lBLL01$h2009
=CAT  \\$aWR13.144/5$c20140418$lBLL01$h1028
=CAT  \\$aBATCH-ETHO$b00$c20140502$lBLL01$h0139
=CAT  \\$aBATCH-ETH8$c20170506$lBLL01$h1041
=DRT  \\$aETHOS
=FIN  \\$aY$d20111010
=FMT  \\$a  BK
=LAS  \\$aBATCH-ETH8$b00$c20170506$lBLL01$h1041
=SRC  \\$aEThOS$bethos_marc_111007.mrc
=STA  \\$aSUPPRESSED$bEThOS can't supply or embargoed

