=LDR  03946 am a22004937a 4500
=001  015923770
=003  Uk
=005  20111010153530.0
=006  m\\\\\\\\d\\\\\\\\
=007  cr\|||||||||||
=008  111010s2010\\\\xxk\\\\\sbm\\\000\0\eng\\
=040  \\$aUk$beng$cUk$dUk
=082  04$a668.9$223
=100  1\$aArgyrakis, Christos.
=245  10$aModels for designing pipe-grade polyethylenes to resist rapid crack propagation$h[electronic resource].
=260  \\$bImperial College, London,$c2010.
=300  \\$ap. :$bdigital, PDF file.
=336  \\$atext$2rdacontent
=337  \\$acomputer$2rdamedia
=338  \\$aonline resource$2rdacarrier
=502  \\$aThesis (Ph.D.)--Imperial College London (University of London), 2010.
=504  \\$aIncludes bibliographical references.
=520  3\$aPlastic pipeline systems have now become dominant for fuel-gas and water distribution networks. Although they have an impressive service record failures do occur, with Rapid Crack Propagation being characterised as the least probable but most potentially catastrophic one. This study investigates the effect of structural morphology and bulk residual strains on the RCP performance of polyethylene pipes, and proposes a new methodology for predicting a safe service envelope. During crack propagation in PE pipes, the fracture surface has two distinct regions;plane strain and plane stress. In addition to the Instrumented Charpy, ReversedCharpy, High Speed Double Torsion, Dynamic Mechanical Analysis and uniaxialtensile testing, S4 tests of extruded pipe specimens were employed in order toevaluate the structural and fracture parameters of pipe grade resins in these twofracture modes on pipe. A new experimental technique, which modified the pipebore crystallinity without altering the residual strain field (as evaluated from slitring tests) showed that the bore surface layer properties had much less influenceon RCP than previously thought. Parallel with the experimental work, modelingof the fracture mechanisms was also undertaken. Using previous models in thefield, such as the adiabatic decohesion model, the plane strain fracture toughnesswas evaluated while the plane stress fracture toughness was evaluated either fromthe Reversed Charpy or from the stability of adiabatic drawing in a tensile test. A mixed mode, temperature sensitive toughness was finally evaluated, leading toan overall fracture properties assessment for polyethylene pipes which could becompared directly to the crack driving force during RCP in pipe. By employing anew mathematical approach, which incorporated both the effects of residual strainsand pipe stiffness behind the pressure decay length, a previous basic analyticalRCP model was further developed and compared to more elaborate finite elementand finite volume solutions. The new results were also compared to S4 experimentsusing high-speed photography and showed that the new methodology could be employed by the end user even when testing facilities are not directly available.
=536  \\$aSponsored by: Repsol YPF
=538  \\$aMode of access: World Wide Web.
=710  2\$aImperial College, London.
=852  4\$aBritish Library$bDSC$cDRT$j513525
=856  40$uhttp://hdl.handle.net/10044/1/5564
=859  \\$aXLD$bEThOS
=CAT  \\$aETHOSBKLG$b00$c20111010$lBLL01$h1535
=CAT  \\$aETHOSBKLG$c20111010$lBLL01$h1607
=CAT  \\$aETHOSBKLG$c20111010$lBLL01$h1631
=CAT  \\$aBATCH$b00$c20111010$lBLL01$h1823
=CAT  \\$aBATCH-UPD$b00$c20121030$lBLL01$h1022
=CAT  \\$aWR13.117$c20130727$lBLL01$h2009
=CAT  \\$aWR13.144/5$c20140418$lBLL01$h1028
=CAT  \\$aBATCH-ETHO$b00$c20140502$lBLL01$h0139
=CAT  \\$aBATCH-ETH8$c20170506$lBLL01$h1041
=DRT  \\$aETHOS
=FIN  \\$aY$d20111010
=FMT  \\$a  BK
=LAS  \\$aBATCH-ETH8$b00$c20170506$lBLL01$h1041
=SRC  \\$aEThOS$bethos_marc_111007.mrc
=STA  \\$aSUPPRESSED$bEThOS can't supply or embargoed

