=LDR  03920 am a22004937a 4500
=001  015923771
=003  Uk
=005  20111010153530.0
=006  m\\\\\\\\d\\\\\\\\
=007  cr\|||||||||||
=008  111010s2010\\\\xxk\\\\\sbm\\\000\0\eng\\
=040  \\$aUk$beng$cUk$dUk
=082  04$a572.1$223
=100  1\$aDenison, Fiona Clare.
=245  10$aCharacterisation of an Alternative Splice Variant of LKB1$h[electronic resource].
=260  \\$bImperial College, London,$c2010.
=300  \\$ap. :$bdigital, PDF file.
=336  \\$atext$2rdacontent
=337  \\$acomputer$2rdamedia
=338  \\$aonline resource$2rdacarrier
=502  \\$aThesis (Ph.D.)--Imperial College, London, 2010.
=504  \\$aIncludes bibliographical references.
=520  3\$aThe LKB1 protein kinase has previously been implicated in a number of major physiological processes including cell proliferation, polarity and energy metabolism. LKB1 is an upstream kinase for AMP-activated protein kinase (AMPK) and 12 members of the AMPK-related family of kinases. In this study, western blotting of LKB1 from various mouse tissues indicated the existence of two molecular weight bands in testis. This, along with the presence of a potential alternative exon at the 3? end of the gene, led to the discovery that an alternatively-spliced variant of LKB1 is present in mice. This new splice variant has been termed the ?short form? (LKB1S) and the original protein termed the ?long form? (LKB1L). The proteins are identical in sequence apart from the C-terminus. The overall aim of this study was to characterise the LKB1S protein; its activity, regulation and possible physiological function, using overexpression studies in mammalian cells and analysis of mice lacking LKB1S.An LKB1S-specific antibody was used to show that LKB1S is primarily expressed in testis. It was demonstrated, using overexpression studies, that both forms can activate AMPK, form an active complex with the regulatory proteins STRAD?, STRAD? and MO25 and have a similar sub-cellular localisation. The C-terminus of mouse/human LKB1L can be phosphorylated at serine 431/428 (Sapkota et al., 2001). This residue is absent from LKB1S and so the effect of phosphorylation was investigated to determine if this could lead to differences in activity between the splice forms. However, the results suggest that phosphorylation at this site does not affect the ability of LKB1L to activate AMPK in cells. Male mice lacking expression of LKB1S are infertile. The mice display severe sperm abnormalities and sperm counts are significantly reduced. Histological analysis of testis showed that although early spermatogenesis appears to progress normally, abnormalities become apparent later on, culminating in very few spermatozoa reaching the epididymis. One possible reason that has been investigated is that there is a defect in the release of mature sperm from the seminiferous epithelium (spermiation).
=536  \\$aSponsored by: Biotechnology and Biological Sciences Research Council ; Unilever
=538  \\$aMode of access: World Wide Web.
=710  2\$aImperial College, London.
=852  4\$aBritish Library$bDSC$cDRT$j513526
=856  40$uhttp://hdl.handle.net/10044/1/5565
=859  \\$aXLD$bEThOS
=CAT  \\$aETHOSBKLG$b00$c20111010$lBLL01$h1535
=CAT  \\$aETHOSBKLG$c20111010$lBLL01$h1607
=CAT  \\$aETHOSBKLG$c20111010$lBLL01$h1631
=CAT  \\$aBATCH$b00$c20111010$lBLL01$h1823
=CAT  \\$aBATCH-UPD$b00$c20121030$lBLL01$h1022
=CAT  \\$aWR13.117$c20130727$lBLL01$h2009
=CAT  \\$aWR13.144/5$c20140418$lBLL01$h1028
=CAT  \\$aBATCH-ETHO$b00$c20140502$lBLL01$h0139
=CAT  \\$aBATCH-ETH8$c20170506$lBLL01$h1041
=DRT  \\$aETHOS
=FIN  \\$aY$d20111010
=FMT  \\$a  BK
=LAS  \\$aBATCH-ETH8$b00$c20170506$lBLL01$h1041
=SRC  \\$aEThOS$bethos_marc_111007.mrc
=STA  \\$aSUPPRESSED$bEThOS can't supply or embargoed

