=LDR  03874 am a22004937a 4500
=001  015923773
=003  Uk
=005  20111010153530.0
=006  m\\\\\\\\d\\\\\\\\
=007  cr\|||||||||||
=008  111010s2009\\\\xxk\\\\\sbm\\\000\0\eng\\
=040  \\$aUk$beng$cUk$dUk
=082  04$a628$223
=100  1\$aRowsell, Victoria Francesca.
=245  10$aEstimating the removal of micropollutants and emerging contaminants from sewage treatment processes in preparation for the implementation of the Water Framework Directive$h[electronic resource].
=260  \\$bImperial College, London,$c2009.
=300  \\$ap. :$bdigital, PDF file.
=336  \\$atext$2rdacontent
=337  \\$acomputer$2rdamedia
=338  \\$aonline resource$2rdacarrier
=502  \\$aThesis (Ph.D.)--Imperial College London, 2009.
=504  \\$aIncludes bibliographical references.
=520  3\$aPublic awareness on the impacts that micropollutants and emerging contaminants have on aquatic resources has increased in recent decades and has become a significant driver for reducing levels of contaminants in the environment. The most recent and comprehensive initiative of the European Union in the area of water protection is the Water Framework Directive (WFD), which entails the application of new technical standards for surface water quality. It has been reported that sewage treatment works (STWs) are a major source of micropollutants for receiving aquatic environments. As a result of this, STWs are increasingly becoming a target for regulatory and public pressure with regard to their discharges to the environment. The micropollutants and emerging contaminants considered in this thesis have been identified under the European Union as substances that are toxic, persistent, and likely to bioaccumulate. This thesis aimed to develop a model to estimate concentrations and loads of micropollutants and emerging contaminants at site specific STWs to aid the implementation of the WFD by 2015. The thesis also focused on a case study to evaluate the need for tertiary treatment to remove micropollutants and emerging contaminants using a detailed laboratory analysis to assess the removal ability of a selected tertiary treatment. The results of the model designed in this research were used as part of a risk assessment which focused on understanding the risk that site specific STWs posed to the environment, and on their removal efficiencies. The risk assessment enables the most at risk STWs to be prioritised for investment and will facilitate management options in seeking to satisfy the WFD. The thesis, through extensive research, also aimed to detail knowledge gaps present in the UK water industry regarding sources, pathways, fate, and behaviour of micropollutants and emerging contaminants. Finally, recommendations were outlined regarding future steps to help meet the requirements of the WFD.
=536  \\$aSponsored by: Engineering and Physical Sciences Council (EPSRC) ; Yorkshire Water Plc.
=538  \\$aMode of access: World Wide Web.
=710  2\$aImperial College, London.
=852  4\$aBritish Library$bDSC$cDRT$j513528
=856  40$uhttp://hdl.handle.net/10044/1/5567
=859  \\$aXLD$bEThOS
=CAT  \\$aETHOSBKLG$b00$c20111010$lBLL01$h1535
=CAT  \\$aETHOSBKLG$c20111010$lBLL01$h1607
=CAT  \\$aETHOSBKLG$c20111010$lBLL01$h1631
=CAT  \\$aBATCH$b00$c20111010$lBLL01$h1823
=CAT  \\$aBATCH-UPD$b00$c20121030$lBLL01$h1022
=CAT  \\$aWR13.117$c20130727$lBLL01$h2009
=CAT  \\$aWR13.144/5$c20140418$lBLL01$h1028
=CAT  \\$aBATCH-ETHO$b00$c20140502$lBLL01$h0139
=CAT  \\$aBATCH-ETH8$c20170506$lBLL01$h1041
=DRT  \\$aETHOS
=FIN  \\$aY$d20111010
=FMT  \\$a  BK
=LAS  \\$aBATCH-ETH8$b00$c20170506$lBLL01$h1041
=SRC  \\$aEThOS$bethos_marc_111007.mrc
=STA  \\$aSUPPRESSED$bEThOS can't supply or embargoed

