=LDR  03676 am a22004817a 4500
=001  015923774
=003  Uk
=005  20111010153530.0
=006  m\\\\\\\\d\\\\\\\\
=007  cr\|||||||||||
=008  101031s2010\\\\xxk\\\\\sbm\\\000\0\eng\\
=040  \\$aUk$beng$cUk
=082  04$a612$223
=100  1\$aJunaid, Sarah.
=245  10$aFailure characteristics of all polyethylene cemented glenoid implants in total shoulder arthroplasty$h[electronic resource].
=260  \\$bImperial College London,$c2010.
=300  \\$ap. :$bdigital, PDF file.
=336  \\$atext$2rdacontent
=337  \\$acomputer$2rdamedia
=338  \\$aonline resource$2rdacarrier
=502  \\$aThesis (Ph.D.)--Imperial College London, 2010.
=504  \\$aIncludes bibliographical references.
=520  3\$aTotal shoulder arthroplasty (TSA) still suffers today from mid-term and long-term complications such as glenoid implant loosening, wear, humeral head subluxation/dislocation and implant fracture. Unlike the hip and knee joint replacements, the artificial shoulder joint has yet to offer a long-term satisfactory solution to shoulder replacement. With loosening being the number one reason for TSA revision, investigating methods of monitoring the glenoid implant loosening and investigate the effects of various design parameters on the loosening behaviour of the glenoid fixation is necessary to explore the problem. Several studies were carried out using in-vitro cyclic testing and FEA to; investigate failure progression and its correlation to quantitative measures in a 2D study (n = 60), investigating key glenoid design features in a 2D (n = 60) and 3D study (n = 20), investigating the validity of using bone substitute foam for studying glenoid fixation in a cadaveric study and investigating any correlation between failure and CT or in-vitro quantitative measures (n = 10). Visible failure was observed, for the first time, correlating to inferior rim displacement and vertical head displacement measures. CT failure was detected in 70% of specimens before visible failure was observed. Out of the design pairs tested; smooth-back/rough-back (range of roughnesses), peg/keel, curved-back/flat-back and conforming/non-conforming, roughening the back-surface to 3.4 μm or more improved fixation performance (p < 0.05). Roughening the back-surface changed the mode of failure from implant/cement failure inferiorly due to tensile/shear stresses, to cement/bone failure superiorly due to compressive/shear loading. Differences in the other design pairs were marked showing peg to perform better than keel, conforming over non-conforming and no difference in curved-back over flat-back, although these differences are marginal. Improvements in the standard testing method have also been suggested.
=536  \\$aSponsored by: Arthritis Research Campaign
=538  \\$aMode of access: World Wide Web.
=710  2\$aImperial College, London.
=852  4\$aBritish Library$bDSC$cDRT$j513529
=856  40$uhttp://hdl.handle.net/10044/1/5568
=859  \\$aXLD$bEThOS
=CAT  \\$aETHOSBKLG$b00$c20111010$lBLL01$h1535
=CAT  \\$aETHOSBKLG$c20111010$lBLL01$h1607
=CAT  \\$aETHOSBKLG$c20111010$lBLL01$h1631
=CAT  \\$aBATCH$b00$c20111010$lBLL01$h1823
=CAT  \\$aBATCH-UPD$b00$c20121030$lBLL01$h1022
=CAT  \\$aWR13.117$c20130727$lBLL01$h2009
=CAT  \\$aWR13.144/5$c20140418$lBLL01$h1028
=CAT  \\$aBATCH-ETHO$b00$c20140502$lBLL01$h0139
=DRT  \\$aETHOS
=FIN  \\$aY$d20111010
=FMT  \\$a  BK
=LAS  \\$aBATCH-ETHO$b00$c20140502$lBLL01$h0139
=SRC  \\$aEThOS$bethos_marc_111007.mrc
=STA  \\$aSUPPRESSED$bEThOS can't supply or embargoed

