=LDR  03576 am a22004937a 4500
=001  015923776
=003  Uk
=005  20111010153531.0
=006  m\\\\\\\\d\\\\\\\\
=007  cr\|||||||||||
=008  111010s2010\\\\xxk\\\\\sbm\\\000\0\eng\\
=040  \\$aUk$beng$cUk$dUk
=082  04$a519$223
=100  1\$aPeel, Adele.
=245  10$aSynchronisation in dynamically Coupled Maps$h[electronic resource].
=260  \\$bImperial College, London,$c2010.
=300  \\$ap. :$bdigital, PDF file.
=336  \\$atext$2rdacontent
=337  \\$acomputer$2rdamedia
=338  \\$aonline resource$2rdacarrier
=502  \\$aThesis (Ph.D.)--Imperial College London (University of London), 2010.
=504  \\$aIncludes bibliographical references.
=520  3\$aThe central aim of this thesis is to better understand the dynamics of a set of dynamicallycoupled map systems previously introduced by Ito & Kaneko in a series of papers (Phys. Rev. Lett. 88 (2002), no. 2, 028701 and Phys. Rev. E 67 (2003), no. 4, 046226). The currentwork extends Ito & Kaneko?s studies to clarify the changes in macrodynamics inducedby the differences in microdynamics between the two systems. A third system is alsointroduced that has a minor change to the microdynamics from nonlinear to linear outputfunction in the externally coupled system. The dynamics of these three dynamically-coupled maps is also compared with theirsimplified systems with static coupling. The previous studies of these dynamically-coupledmaps showed a partitioning of the parameter space into regions of different macrodynamics. Here, an in-depth study is presented of the behaviour of the systems as they cross theboundary between one region and another. The behaviour across this boundary is shown tobe much more complicated than suggested in the previous studies. These three systems of dynamically-coupled maps all differ in the form of their microscopiccouplings, yet two of the systems are shown to produce similar macrodynamics,whereas the third differs dramatically by almost any measure of the macrodynamics. The time it takes for the systems to synchronise, both the dynamically-coupled andstatic-coupled systems, is investigated. It is shown that the introduction of dynamicalcouplingsstops the systems from synchronising quasi-instantaneously. Details of potentialconsequences of this in the field of neuroscience are discussed. A brief study of the effect of driving the systems with external stimuli is presented. The different microscopic coupling forms cause different responses to the external stimuli. Some of the responses are similar to that observed by the visual cortex area of the brain.
=536  \\$aSponsored by: EPSRC
=538  \\$aMode of access: World Wide Web.
=710  2\$aImperial College, London.
=852  4\$aBritish Library$bDSC$cDRT$j513531
=856  40$uhttp://hdl.handle.net/10044/1/5570
=859  \\$aXLD$bEThOS
=CAT  \\$aETHOSBKLG$b00$c20111010$lBLL01$h1535
=CAT  \\$aETHOSBKLG$c20111010$lBLL01$h1607
=CAT  \\$aETHOSBKLG$c20111010$lBLL01$h1631
=CAT  \\$aBATCH$b00$c20111010$lBLL01$h1823
=CAT  \\$aBATCH-UPD$b00$c20121030$lBLL01$h1022
=CAT  \\$aWR13.117$c20130727$lBLL01$h2009
=CAT  \\$aWR13.144/5$c20140418$lBLL01$h1028
=CAT  \\$aBATCH-ETHO$b00$c20140502$lBLL01$h0139
=CAT  \\$aBATCH-ETH8$c20170506$lBLL01$h1041
=DRT  \\$aETHOS
=FIN  \\$aY$d20111010
=FMT  \\$a  BK
=LAS  \\$aBATCH-ETH8$b00$c20170506$lBLL01$h1041
=SRC  \\$aEThOS$bethos_marc_111007.mrc
=STA  \\$aSUPPRESSED$bEThOS can't supply or embargoed

