=LDR  03774 am a22004817a 4500
=001  015923777
=003  Uk
=005  20111010153531.0
=006  m\\\\\\\\d\\\\\\\\
=007  cr\|||||||||||
=008  111010s2010\\\\xxk\\\\\sbm\\\000\0\eng\\
=040  \\$aUk$beng$cUk$dUk
=082  04$a666$223
=100  1\$aStuart, Paul Anthony.
=245  14$aThe Synthesis and Evaluation of Proton Conducting Electrolytes for High Temperature Steam Electrolysers$h[electronic resource].
=260  \\$bImperial College, London,$c2010.
=300  \\$ap. :$bdigital, PDF file.
=336  \\$atext$2rdacontent
=337  \\$acomputer$2rdamedia
=338  \\$aonline resource$2rdacarrier
=502  \\$aThesis (Ph.D.)--Imperial College London (University of London), 2010.
=504  \\$aIncludes bibliographical references.
=520  3\$aProton conducting ceramics based on acceptor doped perovskites are the subject of investigationas candidate electrolyte materials for Solid Oxide Electrolyser Cells (SOECs). Specifically,BaCe0.9Y0.1O3-[delta](BCY10) and BaZr0.9Y0.1O3-[delta](BZY10) were investigated. Sampleswith greater than 95% of the maximum theoretical density were successfully prepared using aBCY10 commercial powder. It was found that when small additions of ZnO were added toa BZY10 commercial powder, a density of greater than 95% of the theoretical maximum wasachievable whereas without ZnO addition, the maximum achievable density was 85%. BCY10was found to have a total conductivity approximately one order of magnitude greater than ZndopedBZY10 over the entire temperature range studied. Spray pyrolysis and sol-gel methodswere used successfully to prepare single phase pure BZY10 powders. The sintering behavioursof the powders produced by spray pyrolysis were found to alter significantly with changes inpowder processing parameters. BCY10 and Zn-doped BZY10 cells were tested in electrolysisand fuel cell modes and the effects of varying operating conditions on cell performances werestudied. At 750oC, the Area Specific Resistances (ASR) of a BCY10 cell in electrolysis modewas found to be lower when the anode compartment was humidified to [approximately equal]83% than to[approximately equal]3%.Below this temperature, ASR values were greater when using increased humidity levels. It wasconcluded that a degree of oxide ion conduction may be beneficial to the operation of protonconducting electrolysers. Post-test, BCY10 cell cross-sections were imaged using scanning electronmicroscopy and analysed using Energy Dispersive X-ray (EDX) spectroscopy. Significanterosion of grain boundaries regions close the electrode-electrolyte interfaces was observed andEDX spectroscopy results suggested the formation of a secondary phase in these regions, possiblyY:CeO2. Had testing continued over an extended period of time it is probable that BCY10cells would have undergone mechanical failure.
=538  \\$aMode of access: World Wide Web.
=710  2\$aImperial College, London.
=852  4\$aBritish Library$bDSC$cDRT$j513532
=856  40$uhttp://hdl.handle.net/10044/1/5571
=859  \\$aXLD$bEThOS
=CAT  \\$aETHOSBKLG$b00$c20111010$lBLL01$h1535
=CAT  \\$aETHOSBKLG$c20111010$lBLL01$h1607
=CAT  \\$aETHOSBKLG$c20111010$lBLL01$h1631
=CAT  \\$aBATCH$b00$c20111010$lBLL01$h1823
=CAT  \\$aBATCH-UPD$b00$c20121030$lBLL01$h1022
=CAT  \\$aWR13.117$c20130727$lBLL01$h2009
=CAT  \\$aWR13.144/5$c20140418$lBLL01$h1028
=CAT  \\$aBATCH-ETHO$b00$c20140502$lBLL01$h0139
=CAT  \\$aBATCH-ETH8$c20170506$lBLL01$h1041
=DRT  \\$aETHOS
=FIN  \\$aY$d20111010
=FMT  \\$a  BK
=LAS  \\$aBATCH-ETH8$b00$c20170506$lBLL01$h1041
=SRC  \\$aEThOS$bethos_marc_111007.mrc
=STA  \\$aSUPPRESSED$bEThOS can't supply or embargoed

