=LDR  04213 am a22004937a 4500
=001  015923779
=003  Uk
=005  20111010153531.0
=006  m\\\\\\\\d\\\\\\\\
=007  cr\|||||||||||
=008  111010s2009\\\\xxk\\\\\sbm\\\000\0\eng\\
=040  \\$aUk$beng$cUk$dUk
=082  04$a571.6$223
=100  1\$aBatty, Elizabeth.
=245  10$aPML nuclear bodies and the spatial analysis of interphase mammalian cell nuclear architecture$h[electronic resource].
=260  \\$bImperial College, London,$c2009.
=300  \\$ap. :$bdigital, PDF file.
=336  \\$atext$2rdacontent
=337  \\$acomputer$2rdamedia
=338  \\$aonline resource$2rdacarrier
=502  \\$aThesis (Ph.D.)--Imperial College London, 2009.
=504  \\$aIncludes bibliographical references.
=520  3\$aPromyelocytic leukaemia nuclear bodies (PML NBs) are found within the nucleus ofmammalian cells. Numbering between 10 and 30 per nucleus, they are an obviousfeature of the nuclear landscape, yet their functions have still to be unambiguouslydefined. In the mammalian nucleus, compartmentalization of functions is apparent, asreflected in the wide-range of other nuclear compartments that can be identified. Quantification of relationships between PML NBs and other nuclear functionalcompartments is essential for a complete understanding of PML NB function. Initially,PML size, number, distance relationships, and spatial organisation in relation to eachother, and the nuclear boundary and centroid, under the spatial point pattern theoryhypothesis of Complete Spatial Randomness (CSR), were investigated in both normaland SV40 transformed MRC5 and WI38 human foetal lung fibroblasts. This was alsocompleted in normal MRC5 cells treated with heat shock, and interferon ? (both ofwhich alter PML NB morphometrics), and also serum starvation. PML NBs appeared tolocate according to CSR with respect to each other, and inter ? PML distances weredependent upon median PML NB number per nucleus. PML NBs did not tend toassociate with the nuclear centroid, and were repelled from the nuclear boundary in allcell lines and conditions. The distance and spatial organisation relationships betweenPML NBs and eleven different nuclear compartments were also compared andcontrasted in the cell lines and conditions mentioned previously. PML NBs were shownto share strong distance and spatial organisation relationships with the 11Simmunoproteasome regulator, SC35 domains,and transcriptional compartments innormal asynchronous nuclei, and with telomeres in transformed cells, highlighting likelyfunctions for the bodies. Lastly, the three dimensional spatial preference of functionalcompartments in the nucleus was determined using an aggregate map, which provided anovel means to visualise the nuclear location of functional compartments in relation toeach other, and under different cellular conditions. Spatial preference fell into fourcategories: 1) diffuse, 2) annular, 3) core, and 4) polar. Nucleoli and RNA polymerasemaintained their spatial preference across cell lines and conditions, whereas othercompartments showed altered spatial preferences. Interestingly, viral transformation ledto global disorganisation of the nucleus, where most compartments (including PMLNBs) reverted to a diffuse spatial preference.
=536  \\$aSponsored by: BBSRC
=538  \\$aMode of access: World Wide Web.
=710  2\$aImperial College, London.
=852  4\$aBritish Library$bDSC$cDRT$j513534
=856  40$uhttp://hdl.handle.net/10044/1/5573
=859  \\$aXLD$bEThOS
=CAT  \\$aETHOSBKLG$b00$c20111010$lBLL01$h1535
=CAT  \\$aETHOSBKLG$c20111010$lBLL01$h1607
=CAT  \\$aETHOSBKLG$c20111010$lBLL01$h1631
=CAT  \\$aBATCH$b00$c20111010$lBLL01$h1823
=CAT  \\$aBATCH-UPD$b00$c20121030$lBLL01$h1022
=CAT  \\$aWR13.117$c20130727$lBLL01$h2009
=CAT  \\$aWR13.144/5$c20140418$lBLL01$h1028
=CAT  \\$aBATCH-ETHO$b00$c20140502$lBLL01$h0139
=CAT  \\$aBATCH-ETH8$c20170506$lBLL01$h1041
=DRT  \\$aETHOS
=FIN  \\$aY$d20111010
=FMT  \\$a  BK
=LAS  \\$aBATCH-ETH8$b00$c20170506$lBLL01$h1041
=SRC  \\$aEThOS$bethos_marc_111007.mrc
=STA  \\$aSUPPRESSED$bEThOS can't supply or embargoed

