=LDR  03886 am a22004937a 4500
=001  015923780
=003  Uk
=005  20111010153531.0
=006  m\\\\\\\\d\\\\\\\\
=007  cr\|||||||||||
=008  111010s2010\\\\xxk\\\\\sbm\\\000\0\eng\\
=040  \\$aUk$beng$cUk$dUk
=082  04$a620.43$223
=100  1\$aHo, Raimundo.
=245  14$aThe Role of Surface Properties in the High Shear Granulation of Pharmaceuticals$h[electronic resource].
=260  \\$bImperial College, London,$c2010.
=300  \\$ap. :$bdigital, PDF file.
=336  \\$atext$2rdacontent
=337  \\$acomputer$2rdamedia
=338  \\$aonline resource$2rdacarrier
=502  \\$aThesis (Ph.D.)--Imperial College London (University of London), 2010.
=504  \\$aIncludes bibliographical references.
=520  3\$aThis thesis presents a detailed study into the role of surface chemistry in the high sheargranulation of organic pharmaceutical solids. Crystalline materials with markedly differentsurface chemistries were selected as model compounds which were granulated with apolymeric binder. The surface wettability of primary powders was evaluated by employing the sessile dropcontact angle measurements to evaluate the facet-specific surface energetics ofmacroscopic crystals, obtained via a solvent-mediated or a temperature-controlledcrystallisation technique. A novel methodology using inverse gas chromatography (IGC) atfinite concentrations (FC) was developed to evaluate surface energy distributions of thepowder samples. The surface energetics of organic macroscopic crystals was found to be facet-specific,consistent with the local surface chemistry of the facet under examination. The rank orderof hydrophilicity of specific facet was in good agreement with concentration of hydroxylgroups determined from X-ray photoelectron spectroscopy. IGC-FC was applied tomeasure [gamma]d/SV profile, which were in good agreement with the [gamma]d/SV values measured fromcontact angle on the corresponding single crystals. This technique was shown to be able todistinguish surface energy heterogeneity, homogeneity as well as subtle changes in the [gamma]d/SV distributions, due to variations in the crystal habits. The wettability of the modelcompounds was ranked based on the contact angle polarity and IGC surface energyheterogeneity distributions, and the spreadability of binder solution was assessed based onthe thermodynamic spreading coefficients. The increase in surface wettability led to theincrease in granule mean size and granule strength. Formulations with similar wettingbehaviour resulted in similar granule size, whilst those formulations with dissimilar surfacewettability were found to exhibit substantially different granulation behaviour. In conclusion, the materials surface chemistry plays a crucial role in granulation processes. Its thorough characterisation and understanding may lead to more controllable productattributes and improved final performances.
=536  \\$aSponsored by: AstraZeneca
=538  \\$aMode of access: World Wide Web.
=710  2\$aImperial College, London.
=852  4\$aBritish Library$bDSC$cDRT$j513535
=856  40$uhttp://hdl.handle.net/10044/1/5574
=859  \\$aXLD$bEThOS
=CAT  \\$aETHOSBKLG$b00$c20111010$lBLL01$h1535
=CAT  \\$aETHOSBKLG$c20111010$lBLL01$h1607
=CAT  \\$aETHOSBKLG$c20111010$lBLL01$h1631
=CAT  \\$aBATCH$b00$c20111010$lBLL01$h1823
=CAT  \\$aBATCH-UPD$b00$c20121030$lBLL01$h1022
=CAT  \\$aWR13.117$c20130727$lBLL01$h2009
=CAT  \\$aWR13.144/5$c20140418$lBLL01$h1028
=CAT  \\$aBATCH-ETHO$b00$c20140502$lBLL01$h0139
=CAT  \\$aBATCH-ETH8$c20170506$lBLL01$h1041
=DRT  \\$aETHOS
=FIN  \\$aY$d20111010
=FMT  \\$a  BK
=LAS  \\$aBATCH-ETH8$b00$c20170506$lBLL01$h1041
=SRC  \\$aEThOS$bethos_marc_111007.mrc
=STA  \\$aSUPPRESSED$bEThOS can't supply or embargoed

