=LDR  03803 am a22004937a 4500
=001  015923781
=003  Uk
=005  20111010153531.0
=006  m\\\\\\\\d\\\\\\\\
=007  cr\|||||||||||
=008  111010s2009\\\\xxk\\\\\sbm\\\000\0\eng\\
=040  \\$aUk$beng$cUk
=082  04$a616.7$223
=100  1\$aOwen, Kathryn.
=245  10$aCharacterisation of ADAMTS-4 endocytosis by chondrosarcoma cells and chondrocytes$h[electronic resource].
=260  \\$bImperial College, London,$c2009.
=300  \\$ap. :$bdigital, PDF file.
=336  \\$atext$2rdacontent
=337  \\$acomputer$2rdamedia
=338  \\$aonline resource$2rdacarrier
=502  \\$aThesis (Ph.D.)--Imperial College, London, 2009.
=504  \\$aIncludes bibliographical references.
=520  3\$aAggrecan is one of the most abundant components of the articular cartilage matrix and its degradation by aggrecanases is considered to be a key early event in the development of osteoarthritis. This study investigates whether the extracellular level of ADAMTS-4 (a disintegrin and metalloproteinase with thrombospondin type 1 motifs-4), one of the most studied aggrecanases, can be regulated by receptor-mediated endocytosis. Exogenously-added ADAMTS-4 disappeared from the medium of HTB94 cells and TCA-soluble degradation products of ADAMTS-4 increased in the medium over time. Fluorescent-labeled ADAMTS-4 could be detected within the cell by confocal microscopy. ADAMTS-4 clearance by HTB94 cells and chondrocytes could be inhibited by more than 70 % by heparin and another sulfated glycan, calcium pentosan polysulfate, suggesting that the cellular uptake of ADAMTS-4 was via a mechanism involving cell surface heparan sulfate proteoglycans (HSPGs). GM6001 also inhibited ADAMTS-4 clearance by 50 %, suggesting that cell surface metalloprotease-mediated degradation played a contributory role. However, ADAMTS-4 clearance was reduced by 50 % in a HSPG-deficient cell line compared to wild-type cells, further supporting a HSPG-dependent mechanism of ADAMTS-4 cellular uptake and preliminary studies using Timp-3-null fibroblasts suggest that ADAMTS-4 may be endocytosed in a complex with TIMP-3. In HTB94 cells and chondrocytes, the appearance of TCA-soluble degradation products was also inhibited by at least 50 % by receptor-associated protein (RAP), an antagonist for members of the low-density lipoprotein receptor (LDL-R) family. However, siRNA knockdown of LDL-receptor-related protein (LRP-1), a member of the LDL-R family, in HTB94 cells and the use of an LRP-1-deficient cell line had no affect on the clearance of ADAMTS-4. These results suggest that another member of the LDL-R family may be involved. Taken together, this research has revealed a novel RAP-sensitive and/or HSPG-sensitive mechanism of ADAMTS-4 regulation which may have a role in the degradation of the cartilage matrix.
=536  \\$aSponsored by: BBSRC ; AstraZeneca
=538  \\$aMode of access: World Wide Web.
=710  2\$aImperial College, London.
=852  4\$aBritish Library$bDSC$cDRT$j513536
=856  40$uhttp://hdl.handle.net/10044/1/5575
=859  \\$aXLD$bEThOS
=CAT  \\$aETHOSBKLG$b00$c20111010$lBLL01$h1535
=CAT  \\$aETHOSBKLG$c20111010$lBLL01$h1607
=CAT  \\$aETHOSBKLG$c20111010$lBLL01$h1631
=CAT  \\$aBATCH$b00$c20111010$lBLL01$h1823
=CAT  \\$aBATCH-UPD$b00$c20121030$lBLL01$h1022
=CAT  \\$aWR13.117$c20130727$lBLL01$h2009
=CAT  \\$aWR13.144/5$c20140418$lBLL01$h1028
=CAT  \\$aBATCH-ETHO$b00$c20140502$lBLL01$h0139
=CAT  \\$aBATCH-ETH8$c20170506$lBLL01$h1041
=DRT  \\$aETHOS
=FIN  \\$aY$d20111010
=FMT  \\$a  BK
=LAS  \\$aBATCH-ETH8$b00$c20170506$lBLL01$h1041
=SRC  \\$aEThOS$bethos_marc_111007.mrc
=STA  \\$aSUPPRESSED$bEThOS can't supply or embargoed

