=LDR  03382 am a22004937a 4500
=001  015923783
=003  Uk
=005  20111010153531.0
=006  m\\\\\\\\d\\\\\\\\
=007  cr\|||||||||||
=008  111010s2010\\\\xxk\\\\\sbm\\\000\0\eng\\
=040  \\$aUk$beng$cUk$dUk
=082  04$a004$223
=100  1\$aTurkington, Kieron.
=245  10$aDatapath and Memory Co-Optimization for FPGA-Based Computation$h[electronic resource].
=260  \\$bImperial College, London,$c2010.
=300  \\$ap. :$bdigital, PDF file.
=336  \\$atext$2rdacontent
=337  \\$acomputer$2rdamedia
=338  \\$aonline resource$2rdacarrier
=502  \\$aThesis (Ph.D.)--Imperial College, London, 2010.
=504  \\$aIncludes bibliographical references.
=520  3\$aWith the large resource densities available on modern FPGAs it is often the availablememory bandwidth that limits the parallelism (and therefore performance) that can beachieved. For this reason the focus of this thesis is the development of an integratedscheduling and memory optimisation methodology to allow high levels of parallelism to beexploited in FPGA based designs. A manual translation from C to hardware is first investigated as a case study,exposing a number of potential optimisation techniques that have not been exploited inexisting work. An existing outer loop pipelining approach, originally developed for VLIWprocessors, is extended and adapted for application to FPGAs. The outer loop pipeliningmethodology is first developed to use a fixed memory subsystem design and then extendedto automate the optimisation of the memory subsystem. This approach allocates arraysto physical memories and selects the set of data reuse structures to implement to matchthe available and required memory bandwidths as the pipelining search progresses. Thefinal extension to this work is to include the partitioning of data from a single array acrossmultiple physical memories, increasing the number of memory ports through which datamy be accessed. The facility for loop unrolling is also added to increase the potential forparallelism and exploit the additional bandwidth that partitioning can provide. We describe our approach based on formal methodologies and present the resultsachieved when these methods are applied to a number of benchmarks. These results showthe advantages of both extending pipelining to levels above the innermost loop and theco-optimisation of the datapath and memory subsystem.
=536  \\$aSponsored by: EPSRC
=538  \\$aMode of access: World Wide Web.
=710  2\$aImperial College, London.
=852  4\$aBritish Library$bDSC$cDRT$j513538
=856  40$uhttp://hdl.handle.net/10044/1/5577
=859  \\$aXLD$bEThOS
=CAT  \\$aETHOSBKLG$b00$c20111010$lBLL01$h1535
=CAT  \\$aETHOSBKLG$c20111010$lBLL01$h1607
=CAT  \\$aETHOSBKLG$c20111010$lBLL01$h1631
=CAT  \\$aBATCH$b00$c20111010$lBLL01$h1823
=CAT  \\$aBATCH-UPD$b00$c20121030$lBLL01$h1022
=CAT  \\$aWR13.117$c20130727$lBLL01$h2009
=CAT  \\$aWR13.144/5$c20140418$lBLL01$h1028
=CAT  \\$aBATCH-ETHO$b00$c20140502$lBLL01$h0139
=CAT  \\$aBATCH-ETH8$c20170506$lBLL01$h1041
=DRT  \\$aETHOS
=FIN  \\$aY$d20111010
=FMT  \\$a  BK
=LAS  \\$aBATCH-ETH8$b00$c20170506$lBLL01$h1041
=SRC  \\$aEThOS$bethos_marc_111007.mrc
=STA  \\$aSUPPRESSED$bEThOS can't supply or embargoed

