=LDR  03785 am a22004937a 4500
=001  015923786
=003  Uk
=005  20111010153531.0
=006  m\\\\\\\\d\\\\\\\\
=007  cr\|||||||||||
=008  111010s2010\\\\xxk\\\\\sbm\\\000\0\eng\\
=040  \\$aUk$beng$cUk$dUk
=082  04$a591.7$223
=100  1\$aIsambert, Benjamin.
=245  14$aThe causes of insect endemicity with the example of Madagascar$h[electronic resource].
=260  \\$bImperial College, London,$c2010.
=300  \\$ap. :$bdigital, PDF file.
=336  \\$atext$2rdacontent
=337  \\$acomputer$2rdamedia
=338  \\$aonline resource$2rdacarrier
=502  \\$aThesis (Ph.D.)--Imperial College London, 2010.
=504  \\$aIncludes bibliographical references.
=520  3\$aAbstractBiodiversity is disappearing at an exceptional rate, engendering a considerableeffort of the scientific community to conserve the rarest and most threatened species. Biodiversity Hotspots were designed for this purpose and Madagascar, showing thehighest levels of endemism and imbalance across taxa, rapidly became their flagship. The processes that lead to such exceptional biodiversity patterns on the island remainpoorly understood and the lack of efficacy of traditional taxonomy to cataloguetropical endemic biodiversity hinders the scientific advances in this domain. Thisstudy tackles insect endemism in Madagascar, aiming at identifying the evolutionaryand ecological factors responsible for their present diversity patterns. Aquatic beetles,living in standing or running water, submit to differences in habitat stability,potentially affecting dispersal patterns and hence endemism patterns. We chose themas a target group for these reasons, and first achieved a DNA level inventory of thefauna. We identified 169 species, showing high congruence with the morphologicaltaxonomy and corresponding to 74% of the total estimated species richness. Themitochondrial dataset revealed high spatial turnover at the species and haplotypelevels. A phylogenetic tree from three gene markers was used for ancestral statecharacter reconstruction and suggested the dependent evolution of endemism andhabitat use. Secondly, our results highlight a combination of low dispersal activityand important climatic constraints for the lotic fauna, explaining the local scaleendemism in this group, whereas the lentic species turnover correlated the least toboth climate and geographic distance. Last, a distribution modelling approachrevealed the uniqueness of Malagasy climate niches and the absence of conservationof environmental envelopes at higher phylogenetic levels. We conclude thatendemism in Madagascar is best explained locally by the dependence toenvironmental variability of the lotic species, and that dispersal capacities are theprimary hindrance to colonising external suitable habitats.
=536  \\$aSponsored by: Marie Curie Actions
=538  \\$aMode of access: World Wide Web.
=710  2\$aImperial College, London.
=852  4\$aBritish Library$bDSC$cDRT$j513541
=856  40$uhttp://hdl.handle.net/10044/1/5580
=859  \\$aXLD$bEThOS
=CAT  \\$aETHOSBKLG$b00$c20111010$lBLL01$h1535
=CAT  \\$aETHOSBKLG$c20111010$lBLL01$h1607
=CAT  \\$aETHOSBKLG$c20111010$lBLL01$h1631
=CAT  \\$aBATCH$b00$c20111010$lBLL01$h1823
=CAT  \\$aBATCH-UPD$b00$c20121030$lBLL01$h1022
=CAT  \\$aWR13.117$c20130727$lBLL01$h2009
=CAT  \\$aWR13.144/5$c20140418$lBLL01$h1028
=CAT  \\$aBATCH-ETHO$b00$c20140502$lBLL01$h0139
=CAT  \\$aBATCH-ETH8$c20170506$lBLL01$h1041
=DRT  \\$aETHOS
=FIN  \\$aY$d20111010
=FMT  \\$a  BK
=LAS  \\$aBATCH-ETH8$b00$c20170506$lBLL01$h1041
=SRC  \\$aEThOS$bethos_marc_111007.mrc
=STA  \\$aSUPPRESSED$bEThOS can't supply or embargoed

