=LDR  03788 am a22004817a 4500
=001  015923787
=003  Uk
=005  20111010153531.0
=006  m\\\\\\\\d\\\\\\\\
=007  cr\|||||||||||
=008  101031s2009\\\\xxk\\\\\sbm\\\000\0\eng\\
=040  \\$aUk$beng$cUk
=082  04$a616.3$223
=100  1\$aWallis, Katharina.
=245  10$aStudies into the intestinal growth factor glucagon-like peptide-2$h[electronic resource].
=260  \\$bImperial College London,$c2009.
=300  \\$ap. :$bdigital, PDF file.
=336  \\$atext$2rdacontent
=337  \\$acomputer$2rdamedia
=338  \\$aonline resource$2rdacarrier
=502  \\$aThesis (Ph.D.)--Imperial College London, 2009.
=504  \\$aIncludes bibliographical references.
=520  3\$aGlucagon-like peptide-2 (GLP-2) is a peptide hormone, secreted postprandially from enteroendocrine L-cells. GLP-2 has emerged as a central physiological mediator of intestinal growth and integrity and has recently shown promise as a therapeutic agent in patients with short bowel syndrome and inflammatory bowel disease. Reliable methods for GLP-2 measurement are not widely available. In this work a radioimmunoassay (RIA), using the GLP-2 antiserum (FT-17) has been optimised and validated. Cross-reactivity with GLP-2 precursors and degradation products was investigated using column chromatography. It is shown that accurate estimations of active GLP-2 secretion in response to a physiological stimulus can be made using this RIA. Plasma concentration of GLP-2 and other hormones, secreted from L-cells, were investigated in patients with short bowel syndrome (SBS), morbid obesity and in those following Roux-en-Y gastric bypass (RYGB) surgery. It is shown that, contrary to current thinking, SBS patients with a retained colon can be GLP-2 deficient despite increased L-cell activity as indicated by raised levels of PYY. Differential regulation of peptide generation in L-cells, depending on the residual intestinal anatomy, is a possible explanation. Secretion of PYY and glucagon-like peptides may also differ in obesity. Despite a previously documented attenuated postprandial PYY response in obese compared with normal weight subjects, no difference in glucagon-like peptide secretion was found in a series of test meals. In obese patients undergoing RYGB, an exaggerated postprandial GLP-2 response was noted as early as 2 days following the procedure and persisted for at least 2 years. In diabetic patients this adaptive response was delayed. Enhancing endogenous GLP-2 secretion might serve as a therapeutic strategy for patients in whom intestinal mucosal regeneration is impaired. It is shown that bile acids and glutamine act as effective GLP-2 secretagogues in model L-cells and that diversion of bilio-pancreatic secretions to the distal ileum leads to increased plasma concentration of GLP-2 in rats.
=536  \\$aSponsored by: CORE (UK) ; St. Mark?s Hospital Research Foundation
=538  \\$aMode of access: World Wide Web.
=710  2\$aImperial College, London.
=852  4\$aBritish Library$bDSC$cDRT$j513542
=856  40$uhttp://hdl.handle.net/10044/1/5581
=859  \\$aXLD$bEThOS
=CAT  \\$aETHOSBKLG$b00$c20111010$lBLL01$h1535
=CAT  \\$aETHOSBKLG$c20111010$lBLL01$h1607
=CAT  \\$aETHOSBKLG$c20111010$lBLL01$h1631
=CAT  \\$aBATCH$b00$c20111010$lBLL01$h1823
=CAT  \\$aBATCH-UPD$b00$c20121030$lBLL01$h1022
=CAT  \\$aWR13.117$c20130727$lBLL01$h2009
=CAT  \\$aWR13.144/5$c20140418$lBLL01$h1028
=CAT  \\$aBATCH-ETHO$b00$c20140502$lBLL01$h0139
=DRT  \\$aETHOS
=FIN  \\$aY$d20111010
=FMT  \\$a  BK
=LAS  \\$aBATCH-ETHO$b00$c20140502$lBLL01$h0139
=SRC  \\$aEThOS$bethos_marc_111007.mrc
=STA  \\$aSUPPRESSED$bEThOS can't supply or embargoed

