=LDR  03522 am a22004817a 4500
=001  015923788
=003  Uk
=005  20111010153531.0
=006  m\\\\\\\\d\\\\\\\\
=007  cr\|||||||||||
=008  101031s2010\\\\xxk\\\\\sbm\\\000\0\eng\\
=040  \\$aUk$beng$cUk
=082  04$a572$223
=100  1\$aTrevenen, Alexandra. H.
=245  10$aInvestigations of phospholipid/cholesterol and cholesterol derivative interactions in model membranes$h[electronic resource].
=260  \\$bImperial College London,$c2010.
=300  \\$a228 p. :$bdigital, PDF file.
=336  \\$atext$2rdacontent
=337  \\$acomputer$2rdamedia
=338  \\$aonline resource$2rdacarrier
=502  \\$aThesis (Ph.D.)--Imperial College London, 2010.
=504  \\$aIncludes bibliographical references.
=520  3\$aMultinuclear solid state MAS NMR (¹H and ³¹P), ³¹P CSA solid state NMR, ²H NMR and x-ray diffraction techniques have been used to compare the structureand properties of DPPC:Andro and DPPC:4β-hydroxycholesterol with that of the properties known of DPPC:Chol mixtures in excess water. The formation of the L₀ phase is known to occur with PC:Chol mixtures with sufficient concentrations of cholesterol. The formation and properties of the L₀ phase was looked at with the cholesterol derivatives Andro (lacking in the hydrocarbon tail present in cholesterol) and 4β-hydroxycholesterol (possessing an extra hydroxyl group adjacent to the one present at the headgroup region of cholesterol). The L₀ phase shows fluid-fluid immisibility when combined with the disordered Lα phase. It is this heterogeneity that is believed to be important in the formation of lipid rafts, which are thought to play a role in the function of living cells. Cholesterol desorption from DOPC model membranes was examined using methyl-β-cyclodextrin, which has a high affinity for cholesterol and facilitates the mechanism of cholesterol desorption from lipid membranes. By running a number of experiments, measuring cholesterol desorption from MLV's and LUV's a cholesterol flip-flop rate within DOPC model membranes was measured using ¹H solution state NMR. A number of methods were also attempted to synthesise an asymmetric DOPC:DPPC membrane. These included a split glass slides method and a modified version of an emulsion method as described by Pautot et al. Lipid asymmetry with respect to the split glass slides and emulsion methods was to be observed by NMR, where any cholesterol asymmetry formed via desorption by methyl-β-cyclodextrin was to be evaluated via the use of paramagnetic NMR experiments. However no asymmetry was observed in either experiment.
=536  \\$aSponsored by: EPSRC
=538  \\$aMode of access: World Wide Web.
=710  2\$aImperial College, London.
=852  4\$aBritish Library$bDSC$cDRT$j513543
=856  40$uhttp://hdl.handle.net/10044/1/5582
=859  \\$aXLD$bEThOS
=CAT  \\$aETHOSBKLG$b00$c20111010$lBLL01$h1535
=CAT  \\$aETHOSBKLG$c20111010$lBLL01$h1607
=CAT  \\$aETHOSBKLG$c20111010$lBLL01$h1631
=CAT  \\$aBATCH$b00$c20111010$lBLL01$h1823
=CAT  \\$aBATCH-UPD$b00$c20121030$lBLL01$h1022
=CAT  \\$aWR13.117$c20130727$lBLL01$h2009
=CAT  \\$aWR13.144/5$c20140418$lBLL01$h1028
=CAT  \\$aBATCH-ETHO$b00$c20140502$lBLL01$h0139
=DRT  \\$aETHOS
=FIN  \\$aY$d20111010
=FMT  \\$a  BK
=LAS  \\$aBATCH-ETHO$b00$c20140502$lBLL01$h0139
=SRC  \\$aEThOS$bethos_marc_111007.mrc
=STA  \\$aSUPPRESSED$bEThOS can't supply or embargoed

