=LDR  03725 am a22004937a 4500
=001  015923789
=003  Uk
=005  20111010153531.0
=006  m\\\\\\\\d\\\\\\\\
=007  cr\|||||||||||
=008  111010s2009\\\\xxk\\\\\sbm\\\000\0\eng\\
=040  \\$aUk$beng$cUk$dUk
=082  04$a612.8$223
=100  1\$aSaleem, Aman.
=245  10$aInformation processing in visual systems$h[electronic resource].
=260  \\$bImperial College, London,$c2009.
=300  \\$ap. :$bdigital, PDF file.
=336  \\$atext$2rdacontent
=337  \\$acomputer$2rdamedia
=338  \\$aonline resource$2rdacarrier
=502  \\$aThesis (Ph.D.)--Imperial College London (University of London), 2009.
=504  \\$aIncludes bibliographical references.
=520  3\$aOne of the goals of neuroscience is to understand how animals perceive sensory information. This thesis focuses on visual systems, to unravel how neuronal structuresprocess aspects of the visual environment. To characterise the receptive field of aneuron, we developed spike-triggered independent component analysis. Alongsidecharacterising the receptive field of a neuron, this method provides an insight intoits underlying network structure. When applied to recordings from the H1 neuron ofblowflies, it accurately recovered the sub-structure of the neuron. This sub-structurewas studied further by recording H1 s response to plaid stimuli. Based on the response,H1 can be classified as a component cell. We then fitted an anatomicallyinspired model to the response, and found the critical component to explain H1 sresponse to be a sigmoid non-linearity at output of elementary movement detectors. The simpler blowfly visual system can help us understand elementary sensory informationprocessing mechanisms. How does the more complex mammalian corteximplement these principles in its network? To study this, we used multi-electrodearrays to characterise the receptive field properties of neurons in the visual cortex ofanaesthetised mice. Based on these recordings, we estimated the cortical limits onthe performance of a visual task; the behavioural performance observed by Pruskyand Douglas (2004) is within these limits. Our recordings were carried out in anaesthetisedanimals. During anaesthesia, cortical UP states are considered "fragmentsof wakefulness" and from simultaneous whole-cell and extracellular recordings, wefound these states to be revealed in the phase of local field potentials. This findingwas used to develop a method of detecting cortical state based on extracellularrecordings, which allows us to explore information processing during different corticalstates. Across this thesis, we have developed, tested and applied methods that helpimprove our understanding of information processing in visual systems.
=536  \\$aSponsored by: Gatsby Charitable Foundation
=538  \\$aMode of access: World Wide Web.
=710  2\$aImperial College, London.
=852  4\$aBritish Library$bDSC$cDRT$j513544
=856  40$uhttp://hdl.handle.net/10044/1/5531
=859  \\$aXLD$bEThOS
=CAT  \\$aETHOSBKLG$b00$c20111010$lBLL01$h1535
=CAT  \\$aETHOSBKLG$c20111010$lBLL01$h1607
=CAT  \\$aETHOSBKLG$c20111010$lBLL01$h1631
=CAT  \\$aBATCH$b00$c20111010$lBLL01$h1823
=CAT  \\$aBATCH-UPD$b00$c20121030$lBLL01$h1022
=CAT  \\$aWR13.117$c20130727$lBLL01$h2009
=CAT  \\$aWR13.144/5$c20140418$lBLL01$h1028
=CAT  \\$aBATCH-ETHO$b00$c20140502$lBLL01$h0139
=CAT  \\$aBATCH-ETH8$c20170506$lBLL01$h1041
=DRT  \\$aETHOS
=FIN  \\$aY$d20111010
=FMT  \\$a  BK
=LAS  \\$aBATCH-ETH8$b00$c20170506$lBLL01$h1041
=SRC  \\$aEThOS$bethos_marc_111007.mrc
=STA  \\$aSUPPRESSED$bEThOS can't supply or embargoed

