=LDR  03398 am a22004817a 4500
=001  015923817
=003  Uk
=005  20111010153531.0
=006  m\\\\\\\\d\\\\\\\\
=007  cr\|||||||||||
=008  111010s2009\\\\xxk\\\\\sbm\\\000\0\eng\\
=040  \\$aUk$beng$cUk$dUk
=082  04$a332$223
=100  1\$aWang, Dan.
=245  10$aInterest-rate models$h[electronic resource] :$ban extension to the usage in the energy market and pricing exotic energy derivatives.
=260  \\$bImperial College, London,$c2009.
=300  \\$ap. :$bdigital, PDF file.
=336  \\$atext$2rdacontent
=337  \\$acomputer$2rdamedia
=338  \\$aonline resource$2rdacarrier
=502  \\$aThesis (Ph.D.)--Imperial College London, 2009.
=504  \\$aIncludes bibliographical references.
=520  3\$aIn this thesis, we review various popular pricing models in the interest-rate market. Among thesepricing models, we choose the LIBOR Market model (LMM) as the benchmark model. Based onmarket practice experience, we also develop a pricing model named the ?Market volatility model?.By pricing vanilla interest-rate options such as interest-rate caps and swaptions, we compare theperformance of our Market volatility model to that of the LMM. It is proved that the MarketVolatility model produce comparable results to the LMM, while its computing efficiency largelyexceeds that of the LMM.Following the recent rapid development in the commodity market, in particular the energy market,we attempt to extend the use of our proposed Market volatility model from the interest-rate marketto the energy market. We prove that the Market Volatility model is capable of pricing various energyderivative under the assumption of absence of the convenience yield. In addition, we propose a newtype of exotic energy derivative which has a flexible option structure. This energy derivative isnamed as the Flex-Asian spread options (FASO). We give examples of different option structureswithin the FASO framework and use the Market volatility model to generate option prices andgreeks for each structure. Although the Market volatility model can be used to price various energy derivatives based onoil/gas contracts, it is not compatible with the structure of one of the most advanced derivativesin the energy market, the storage option. We modify the existing pricing model for storage optionsand use our own 3D-binomial tree approach to price gas storage contracts. By doing these, weimprove the performance of the traditional storage model.
=538  \\$aMode of access: World Wide Web.
=710  2\$aImperial College, London.
=852  4\$aBritish Library$bDSC$cDRT$j513585
=856  40$uhttp://hdl.handle.net/10044/1/5583
=859  \\$aXLD$bEThOS
=CAT  \\$aETHOSBKLG$b00$c20111010$lBLL01$h1535
=CAT  \\$aETHOSBKLG$c20111010$lBLL01$h1607
=CAT  \\$aETHOSBKLG$c20111010$lBLL01$h1631
=CAT  \\$aBATCH$b00$c20111010$lBLL01$h1823
=CAT  \\$aBATCH-UPD$b00$c20121030$lBLL01$h1022
=CAT  \\$aWR13.117$c20130727$lBLL01$h2009
=CAT  \\$aWR13.144/5$c20140418$lBLL01$h1028
=CAT  \\$aBATCH-ETHO$b00$c20140502$lBLL01$h0139
=CAT  \\$aBATCH-ETH8$c20170506$lBLL01$h1041
=DRT  \\$aETHOS
=FIN  \\$aY$d20111010
=FMT  \\$a  BK
=LAS  \\$aBATCH-ETH8$b00$c20170506$lBLL01$h1041
=SRC  \\$aEThOS$bethos_marc_111007.mrc
=STA  \\$aSUPPRESSED$bEThOS can't supply or embargoed

