=LDR  04235 am a22004937a 4500
=001  015923818
=003  Uk
=005  20111010153531.0
=006  m\\\\\\\\d\\\\\\\\
=007  cr\|||||||||||
=008  111010s2010\\\\xxk\\\\\sbm\\\000\0\eng\\
=040  \\$aUk$beng$cUk$dUk
=082  04$a666$223
=100  1\$aLin, Sen.
=245  10$aTailoring the nanostructure of sol-gel derived bioactive glasses and investigating their interactions with proteins$h[electronic resource].
=260  \\$bImperial College, London,$c2010.
=300  \\$ap. :$bdigital, PDF file.
=336  \\$atext$2rdacontent
=337  \\$acomputer$2rdamedia
=338  \\$aonline resource$2rdacarrier
=502  \\$aThesis (Ph.D.)--Imperial College London, 2010.
=504  \\$aIncludes bibliographical references.
=520  3\$aSol-gel derived bioactive glasses with the 70S30C composition (70 mol% SiO2 and 30mol% CaO) have high potential as materials for bone regeneration and devices forsustained drug delivery. They bond to bone and have a unique tailorable nanoporosity,which affects protein adsorption and cellular response. The first aim of this thesis is tofully characterise the evolution of the nanoporous structure of sol-gel derivedbioactive glass for the first time, to fully understand its nanostructure evolution andcontrol. Nanoparticles that were produced early in the sol-gel process, agglomeratedinto larger particles during gelation and during thermal stabilisation. Calcium wasfound to not enter the silica network until the material was heated to 400 ?C. This hasimplications for the homogeneity of the calcium distribution in sol-gel derivedbioactive glasses. Region separation was found within sol-gel derived bioactive glass monolithsproduced by the standard procedure. The calcium concentration and nanoporositywere found to be higher near the edge of the monoliths. This is believed to be causedby calcium accumulation on the outer surface of the monoliths during the drying stageof the sol-gel process. The homogeneity of monoliths was successfully improved byusing Teflon moulds. To provide further control of the nanostructure of 70S30C, amethod for increasing the nanopore diameter from 12 nm to 30 nm was devised byadding specific amount of trimethylethoxysilane (TMES) during the sol-gel process. A series of amounts of TMES were added at different time points during the sol-gelprocess. Solid state nuclear magnetic resonance (NMR) and electron microscopy wereused to explore the mechanisms behind the changes in nanostructure. Protein adsorption to sol-gel glass was investigated using in situ studies bymonitoring the adsorption of fluorescent-labelled proteins onto various types of solgelderived bioactive glasses under confocal microscope with fibrinogen as modelprotein. Fibrinogen molecules were found to penetrate into inner nanopores ofTheraGlass? (a commercial glass with 17 nm nanopores) whereas no penetration wasfound into sol-gel derived silica (with 3 nm nanopores). Protein interactions werefurther studied by conducting bioactivity tests with SBF supplemented with 10%serum. Apatite deposition was found inhibited by the interference of serum proteins.
=536  \\$aSponsored by: NovaThera Ltd. ; Society of Chemical Engineering (Messel scholarship) ; EPSRC ; Royal Academy of Engineering ; Royal Society ; Philip Leverhulme Prize
=538  \\$aMode of access: World Wide Web.
=710  2\$aImperial College, London.
=852  4\$aBritish Library$bDSC$cDRT$j513586
=856  40$uhttp://hdl.handle.net/10044/1/5584
=859  \\$aXLD$bEThOS
=CAT  \\$aETHOSBKLG$b00$c20111010$lBLL01$h1535
=CAT  \\$aETHOSBKLG$c20111010$lBLL01$h1607
=CAT  \\$aETHOSBKLG$c20111010$lBLL01$h1631
=CAT  \\$aBATCH$b00$c20111010$lBLL01$h1823
=CAT  \\$aBATCH-UPD$b00$c20121030$lBLL01$h1022
=CAT  \\$aWR13.117$c20130727$lBLL01$h2009
=CAT  \\$aWR13.144/5$c20140418$lBLL01$h1028
=CAT  \\$aBATCH-ETHO$b00$c20140502$lBLL01$h0139
=CAT  \\$aBATCH-ETH8$c20170506$lBLL01$h1041
=DRT  \\$aETHOS
=FIN  \\$aY$d20111010
=FMT  \\$a  BK
=LAS  \\$aBATCH-ETH8$b00$c20170506$lBLL01$h1041
=SRC  \\$aEThOS$bethos_marc_111007.mrc
=STA  \\$aSUPPRESSED$bEThOS can't supply or embargoed

