=LDR  03662 am a22004937a 4500
=001  015923869
=003  Uk
=005  20111010153532.0
=006  m\\\\\\\\d\\\\\\\\
=007  cr\|||||||||||
=008  111010s2010\\\\xxk\\\\\sbm\\\000\0\eng\\
=040  \\$aUk$beng$cUk$dUk
=082  04$a621.37$223
=100  1\$aHowey, David A.
=245  10$aThermal design of air-cooled axial flux permanent magnet machines$h[electronic resource].
=260  \\$bImperial College, London,$c2010.
=300  \\$ap. :$bdigital, PDF file.
=336  \\$atext$2rdacontent
=337  \\$acomputer$2rdamedia
=338  \\$aonline resource$2rdacarrier
=502  \\$aThesis (Ph.D.)--Imperial College London (University of London), 2010.
=504  \\$aIncludes bibliographical references.
=520  3\$aAccurate thermal analysis of axial flux permanent magnet (AFPM) machines is crucial inpredicting maximum power output, and a number of heat transfer paths exist making itdifficult to undertake a general analysis. Stator convective heat transfer is one of the mostimportant and least investigated heat transfer mechanisms and therefore is the focus of thepresent work. Experimental measurements were undertaken using a thin-film electrical heating methodbased on a printed circuit board heater array, providing radially resolved steady state heattransfer data from an experimental rotor-stator system designed as a geometric mockup of athrough-flow ventilated AFPM machine. Using a flat rotor, local Nusselt numbers Nu(r) = hR/k were measured across 0.6<r/R< 1,as a function of non-dimensional gap ratio 0.0106 < G < 0.0467 and rotational Reynoldsnumber 3.7e4 < Re [Theta]1e6 where G = g/R and Re [Theta] = [omega]R2/[Nu]. Averaged results Nu werecorrelated with a power law and it was found that Nu [is approximately equal to] ARe0.7 [Theta] in the fully turbulent regime(Re [Theta] > 3e5), with A being a function of G. In the laminar regime, stator Nu was foundto be similar to that of the free rotor. Transition at the stator occurred at Re [Theta] = 3e5 forall G and is particularly marked at G < 0.02. Increased Nusselt numbers at the peripherywere always observed because of the ingress of ambient air along the stator due to therotor pumping effect. A slotted rotor was also tested, and was found to improve stator heattransfer compared with a flat rotor. The measurements were compared with computational fluid dynamics simulations. Thesewere found to give a conservative estimate of heat transfer, with inaccuracies near the edge(r/R > 0.85) and in the transitional flow regime. Predicted stator heat transfer was found tobe relatively insensitive to the choice of turbulence model and the two-equation SST modelwas used for most of the simulations.
=536  \\$aSponsored by: Hadley Trust
=538  \\$aMode of access: World Wide Web.
=710  2\$aImperial College, London.
=852  4\$aBritish Library$bDSC$cDRT$j513640
=856  40$uhttp://hdl.handle.net/10044/1/5588
=859  \\$aXLD$bEThOS
=CAT  \\$aETHOSBKLG$b00$c20111010$lBLL01$h1535
=CAT  \\$aETHOSBKLG$c20111010$lBLL01$h1607
=CAT  \\$aETHOSBKLG$c20111010$lBLL01$h1631
=CAT  \\$aBATCH$b00$c20111010$lBLL01$h1823
=CAT  \\$aBATCH-UPD$b00$c20121030$lBLL01$h1022
=CAT  \\$aWR13.117$c20130727$lBLL01$h2009
=CAT  \\$aWR13.144/5$c20140418$lBLL01$h1028
=CAT  \\$aBATCH-ETHO$b00$c20140502$lBLL01$h0139
=CAT  \\$aBATCH-ETH8$c20170506$lBLL01$h1041
=DRT  \\$aETHOS
=FIN  \\$aY$d20111010
=FMT  \\$a  BK
=LAS  \\$aBATCH-ETH8$b00$c20170506$lBLL01$h1041
=SRC  \\$aEThOS$bethos_marc_111007.mrc
=STA  \\$aSUPPRESSED$bEThOS can't supply or embargoed

