=LDR  03675 am a22004937a 4500
=001  015923870
=003  Uk
=005  20111010153532.0
=006  m\\\\\\\\d\\\\\\\\
=007  cr\|||||||||||
=008  111010s2010\\\\xxk\\\\\sbm\\\000\0\eng\\
=040  \\$aUk$beng$cUk$dUk
=082  04$a005.3$223
=100  1\$aHowes, LW.
=245  10$aIndexed dependence metadata and its applications in software performance optimisation$h[electronic resource].
=260  \\$bImperial College, London,$c2010.
=300  \\$ap. :$bdigital, PDF file.
=336  \\$atext$2rdacontent
=337  \\$acomputer$2rdamedia
=338  \\$aonline resource$2rdacarrier
=502  \\$aThesis (Ph.D.)--Imperial College London, 2010.
=504  \\$aIncludes bibliographical references.
=520  3\$aTo achieve continued performance improvements, modern microprocessor design is tending to concentratean increasing proportion of hardware on computation units with less automatic managementof data movement and extraction of parallelism. As a result, architectures increasingly include multiplecomputation cores and complicated, software-managed memory hierarchies. Compilers havedifficulty characterizing the behaviour of a kernel in a general enough manner to enable automaticgeneration of efficient code in any but the most straightforward of cases. We propose the concept of indexed dependence metadata to improve application development andmapping onto such architectures. The metadata represent both the iteration space of a kernel and themapping of that iteration space from a given index to the set of data elements that iteration mightuse: thus the dependence metadata is indexed by the kernel?s iteration space. This explicit mappingallows the compiler or runtime to optimise the program more efficiently, and improves the programstructure for the developer. We argue that this form of explicit interface specification reduces the needfor premature, architecture-specific optimisation. It improves program portability, supports intercomponentoptimisation and enables generation of efficient data movement code. We offer the following contributions: an introduction to the concept of indexed dependence metadataas a generalisation of stream programming, a demonstration of its advantages in a componentprogramming system, the decoupled access/execute model for C++ programs, and how indexed dependencemetadata might be used to improve the programming model for GPU-based designs. Ourexperimental results with prototype implementations show that indexed dependence metadata supportsautomatic synthesis of double-buffered data movement for the Cell processor and enables aggressiveloop fusion optimisations in image processing, linear algebra and multigrid application casestudies.
=536  \\$aSponsored by: EPSRC
=538  \\$aMode of access: World Wide Web.
=710  2\$aImperial College, London.
=852  4\$aBritish Library$bDSC$cDRT$j513641
=856  40$uhttp://hdl.handle.net/10044/1/5589
=859  \\$aXLD$bEThOS
=CAT  \\$aETHOSBKLG$b00$c20111010$lBLL01$h1535
=CAT  \\$aETHOSBKLG$c20111010$lBLL01$h1607
=CAT  \\$aETHOSBKLG$c20111010$lBLL01$h1631
=CAT  \\$aBATCH$b00$c20111010$lBLL01$h1823
=CAT  \\$aBATCH-UPD$b00$c20121030$lBLL01$h1022
=CAT  \\$aWR13.117$c20130727$lBLL01$h2009
=CAT  \\$aWR13.144/5$c20140418$lBLL01$h1028
=CAT  \\$aBATCH-ETHO$b00$c20140502$lBLL01$h0139
=CAT  \\$aBATCH-ETH8$c20170506$lBLL01$h1041
=DRT  \\$aETHOS
=FIN  \\$aY$d20111010
=FMT  \\$a  BK
=LAS  \\$aBATCH-ETH8$b00$c20170506$lBLL01$h1041
=SRC  \\$aEThOS$bethos_marc_111007.mrc
=STA  \\$aSUPPRESSED$bEThOS can't supply or embargoed

