=LDR  03493 am a22004697a 4500
=001  015923871
=003  Uk
=005  20111010153532.0
=006  m\\\\\\\\d\\\\\\\\
=007  cr\|||||||||||
=008  101031s2010\\\\xxk\\\\\sbm\\\000\0\eng\\
=040  \\$aUk$beng$cUk
=082  04$a579.2$223
=100  1\$aMcCoy, Laura Ellen.
=245  10$aVaccinia virus protein B14, an inhibitor of NF-κB activation, and its counterpart in MVA$h[electronic resource].
=260  \\$bImperial College London,$c2010.
=300  \\$ap. :$bdigital, PDF file.
=336  \\$atext$2rdacontent
=337  \\$acomputer$2rdamedia
=338  \\$aonline resource$2rdacarrier
=502  \\$aThesis (Ph.D.)--Imperial College London, 2010.
=504  \\$aIncludes bibliographical references.
=520  3\$aVaccinia virus (VACV) encodes multiple proteins which modulate NF-κB activation to evade the host immune response. One example is B14, a virulence factor that reduces NF-κB activation via interaction with IKKβ. B14 has orthologues in many VACV strains, including modified virus Ankara (MVA), which lacks many of the immunomodulators present in other VACV strains. Here, the MVA counterpart of B14, protein 183, was characterised. 183R was both removed from MVA and inserted into the B14R locus of a VACV strain Western Reserve (WR) lacking B14R, but in each case there was no change of phenotype. Protein 183 shares 95% amino acid identity with B14 but, unlike B14, was unstable in eukaryotic cells, unless protein degradation was inhibited. Protein 183 did not inhibit NF-κB activation in response to cytokine stimulation, as does B14, nor did it restore the virulence phenotype of WR lacking B14R back to wild type. Therefore, the mutations incurred by 183 during the derivation of MVA have rendered the protein non-functional. However, other MVA immunomodulators remain to be characterised and this thesis describes a bacterial artificial chromosome (BAC) system that may facilitate the improvement of MVA in its role as a vaccine vector. To further characterise VACV modulation of NF-κB, a VACV WR strain was constructed lacking B14 and another VACV modulator of NF-κB, WR A49. Initial characterisation showed no change with this mutant virus in replication or spread. The effect of the B14 on NF-κB was further characterised by studying the B14-IKKβ interaction using IKKβ and B14 mutants. Residues 300 to 480 of IKKβ were shown to be required for the interaction and a mutant encompassing this region co-purified to a degree with B14 when expressed in E. coli. In addition, mutagenesis showed that B14 residue F130 is required for the interaction of the two proteins.
=538  \\$aMode of access: World Wide Web.
=710  2\$aImperial College, London.
=852  4\$aBritish Library$bDSC$cDRT$j513642
=856  40$uhttp://hdl.handle.net/10044/1/5590
=859  \\$aXLD$bEThOS
=CAT  \\$aETHOSBKLG$b00$c20111010$lBLL01$h1535
=CAT  \\$aETHOSBKLG$c20111010$lBLL01$h1607
=CAT  \\$aETHOSBKLG$c20111010$lBLL01$h1631
=CAT  \\$aBATCH$b00$c20111010$lBLL01$h1823
=CAT  \\$aBATCH-UPD$b00$c20121030$lBLL01$h1022
=CAT  \\$aWR13.117$c20130727$lBLL01$h2009
=CAT  \\$aWR13.144/5$c20140418$lBLL01$h1028
=CAT  \\$aBATCH-ETHO$b00$c20140502$lBLL01$h0139
=DRT  \\$aETHOS
=FIN  \\$aY$d20111010
=FMT  \\$a  BK
=LAS  \\$aBATCH-ETHO$b00$c20140502$lBLL01$h0139
=SRC  \\$aEThOS$bethos_marc_111007.mrc
=STA  \\$aSUPPRESSED$bEThOS can't supply or embargoed

