=LDR  04357 am a22004817a 4500
=001  015923872
=003  Uk
=005  20111010153532.0
=006  m\\\\\\\\d\\\\\\\\
=007  cr\|||||||||||
=008  111010s2009\\\\xxk\\\\\sbm\\\000\0\eng\\
=040  \\$aUk$beng$cUk$dUk
=082  04$a006.3$223
=100  1\$aCharnley, John William.
=245  12$aA global workspace framework for combined reasoning$h[electronic resource].
=260  \\$bImperial College, London,$c2009.
=300  \\$ap. :$bdigital, PDF file.
=336  \\$atext$2rdacontent
=337  \\$acomputer$2rdamedia
=338  \\$aonline resource$2rdacarrier
=502  \\$aThesis (Ph.D.)--Imperial College London (University of London), 2009.
=504  \\$aIncludes bibliographical references.
=520  3\$aArtificial Intelligence research has producedmany effective techniques for solving a wide rangeof problems. Practitioners tend to concentrate their efforts in one particular problem solvingparadigm and, in the main, AI research describes new methods for solving particular types ofproblems or improvements in existing approaches. By contrast, much less research has consideredhow to fruitfully combine different problem solving techniques. Numerous studies havedemonstrated how a combination of reasoning approaches can improve the effectiveness of one ofthose methods. Others have demonstrated how, by using several different reasoning techniques,a system or method can be developed to accomplish a novel task, that none of the individualtechniques could perform. Combined reasoning systems, i.e., systems which apply disparatereasoning techniques in concert, can be more than the sum of their parts. In addition, theygain leverage from advances in the individual methods they encompass. However, the benefitsof combined reasoning systems are not easily accessible, and systems have been hand-craftedto very specific tasks in certain domains. This approach means those systems often suffer froma lack of clarity of design and are inflexible to extension. In order for the field of combined reasoningto advance, we need to determine best practice and identify effective general approaches. By developing useful frameworks, we can empower researchers to explore the potential of combinedreasoning, and AI in general. We present here a framework for developing combinedreasoning systems, based upon Baars? Global Workspace Theory. The architecture describes acollection of processes, embodying individual reasoning techniques, which communicate via aglobal workspace. We present, also, a software toolkit which allows users to implement systemsaccording to the framework. We describe how, despite the restrictions of the framework, wehave used it to create systems to perform a number of combined reasoning tasks. As wellas being as effective as previous implementations, the simplicity of the underlying frameworkmeans they are structured in a straightforward and comprehensible manner. It also makes thesystems easy to extend to new capabilities, which we demonstrate in a number of case studies. Furthermore, the framework and toolkit we describe allow developers to harness the parallelnature of the underlying theory by enabling them to readily convert their implementations intodistributed systems. We have experimented with the framework in a number of application domainsand, through these applications, we have contributed to constraint satisfaction problemsolving and automated theory formation.
=538  \\$aMode of access: World Wide Web.
=710  2\$aImperial College, London.
=852  4\$aBritish Library$bDSC$cDRT$j513643
=856  40$uhttp://hdl.handle.net/10044/1/5591
=859  \\$aXLD$bEThOS
=CAT  \\$aETHOSBKLG$b00$c20111010$lBLL01$h1535
=CAT  \\$aETHOSBKLG$c20111010$lBLL01$h1607
=CAT  \\$aETHOSBKLG$c20111010$lBLL01$h1631
=CAT  \\$aBATCH$b00$c20111010$lBLL01$h1823
=CAT  \\$aBATCH-UPD$b00$c20121030$lBLL01$h1022
=CAT  \\$aWR13.117$c20130727$lBLL01$h2009
=CAT  \\$aWR13.144/5$c20140418$lBLL01$h1028
=CAT  \\$aBATCH-ETHO$b00$c20140502$lBLL01$h0139
=CAT  \\$aBATCH-ETH8$c20170506$lBLL01$h1041
=DRT  \\$aETHOS
=FIN  \\$aY$d20111010
=FMT  \\$a  BK
=LAS  \\$aBATCH-ETH8$b00$c20170506$lBLL01$h1041
=SRC  \\$aEThOS$bethos_marc_111007.mrc
=STA  \\$aSUPPRESSED$bEThOS can't supply or embargoed

