=LDR  04350 am a22004937a 4500
=001  015923873
=003  Uk
=005  20111010153532.0
=006  m\\\\\\\\d\\\\\\\\
=007  cr\|||||||||||
=008  111010s2010\\\\xxk\\\\\sbm\\\000\0\eng\\
=040  \\$aUk$beng$cUk$dUk
=082  04$a660.2832$223
=100  1\$aSrisa-Art, Monpichar.
=245  10$aMicrodroplet Reactors for High-Throughput Chemistry and Biology$h[electronic resource].
=260  \\$bImperial College, London,$c2010.
=300  \\$ap. :$bdigital, PDF file.
=336  \\$atext$2rdacontent
=337  \\$acomputer$2rdamedia
=338  \\$aonline resource$2rdacarrier
=502  \\$aThesis (Ph.D.)--Imperial College London (University of London), 2010.
=504  \\$aIncludes bibliographical references.
=520  3\$aDroplet-based microfluidic systems have recently been developed to overcome the problemsof slow mixing and dispersion associated with traditional microfluidic systems. By utilisingflow instabilities between two immiscible phases, droplets can be generated using normalmicrofluidic formats. Further, aqueous solutions can be confined and mixed within droplets,resulting in rapid homogenisation and no dispersion. Accordingly, droplet-based microfluidicsystems have been utilised in various applications in a high-throughput manner. However, thetechniques and methods for droplet formation, manipulation and detection have beencontinuously studied and improved upon to develop, prepare, manipulate and implementdroplet systems for real-world applications. Since droplets can be controllably produced withvariable reagent compositions at high generation frequencies (1 kHz or above), on-linedetection and characterisation of every high-speed droplet is one of the most importantchallenges associated with droplet analysis. The ability to extract information from eachdroplet microreactor is crucial for applications in high-throughput analysis and screening. Anappropriate detection technique able to extract the vast amount of information produced insuch systems is key in unlocking the full capabilities of droplet-based. In this work, a custom built confocal spectroscopic system was coupled with a droplet-basedmicrofluidic system to conduct high-sensitivity and high-throughput biological experiments. The integration of a confocal system allows for online characterisation of individual dropletsin terms of their size, formation frequency, fluorescence intensity and population. Thecombination of a droplet-based microfluidic system and the confocal detection setup has beensuccessfully used to demonstrate a few high-throughput chemical and biological applications. For example, the droplet system was utilised to demonstrate high-throughput single cellencapsulation, characterisation and quantification for the first time. In addition, highthroughputbinding assays and kinetic measurements using a well-known streptavidin-biotinbinding model and a protein-protein interaction were performed. Furthermore, a novelapproach for fluorescence lifetime imaging (FLIM) was developed and used to analysemixing patterns within droplets. Specifically, data from FLIM measurements were extractedto determine spatially localised fluorescence lifetimes within droplets and thus a twodimensionalmap of droplet mixing. Finally, the droplet-based microfluidic approach wasexploited to perform biological analysis at the single molecule level.
=536  \\$aSponsored by: Royal Thai Government
=538  \\$aMode of access: World Wide Web.
=710  2\$aImperial College, London.
=852  4\$aBritish Library$bDSC$cDRT$j513644
=856  40$uhttp://hdl.handle.net/10044/1/5592
=859  \\$aXLD$bEThOS
=CAT  \\$aETHOSBKLG$b00$c20111010$lBLL01$h1535
=CAT  \\$aETHOSBKLG$c20111010$lBLL01$h1607
=CAT  \\$aETHOSBKLG$c20111010$lBLL01$h1631
=CAT  \\$aBATCH$b00$c20111010$lBLL01$h1823
=CAT  \\$aBATCH-UPD$b00$c20121030$lBLL01$h1022
=CAT  \\$aWR13.117$c20130727$lBLL01$h2009
=CAT  \\$aWR13.144/5$c20140418$lBLL01$h1028
=CAT  \\$aBATCH-ETHO$b00$c20140502$lBLL01$h0139
=CAT  \\$aBATCH-ETH8$c20170506$lBLL01$h1041
=DRT  \\$aETHOS
=FIN  \\$aY$d20111010
=FMT  \\$a  BK
=LAS  \\$aBATCH-ETH8$b00$c20170506$lBLL01$h1041
=SRC  \\$aEThOS$bethos_marc_111007.mrc
=STA  \\$aSUPPRESSED$bEThOS can't supply or embargoed

