=LDR  03514 am a22004697a 4500
=001  015923874
=003  Uk
=005  20111010153532.0
=006  m\\\\\\\\d\\\\\\\\
=007  cr\|||||||||||
=008  101031s2010\\\\xxk\\\\\sbm\\\000\0\eng\\
=040  \\$aUk$beng$cUk
=082  04$a615.5$223
=100  1\$aBinia, Aristea Dimitriou.
=245  10$aInvestigation of genetics and genomics in asthma$h[electronic resource].
=260  \\$bImperial College London,$c2010.
=300  \\$ap. :$bdigital, PDF file.
=336  \\$atext$2rdacontent
=337  \\$acomputer$2rdamedia
=338  \\$aonline resource$2rdacarrier
=502  \\$aThesis (Ph.D.)--Imperial College London, 2010.
=504  \\$aIncludes bibliographical references.
=520  3\$aAsthma is the most common disease of childhood in the westernised world, affecting one child in seven in the United Kingdom alone. It is a complex disease involving both genetic and environmental factors. The financial burden for sufferers approximates £1 billion per annum in the UK and 80% of the sum is attributable to the patients with the severe, 'difficult/therapy-resistant' form of the disease. Previously, a Genome Wide Association Study (GWAS) for childhood asthma identified a number of loci significantly associated to the disease. The top ten SNP hits with the highest association (0.0001>P>0.00001) were chosen for an investigation of their importance in cases of severe asthma, both childhood and adult. The 10 SNPs were genotyped in 397 adults and 94 children using TaqMan® SNP Genotyping Assays. Genotyping data was analysed for genetic associations to the severe asthma phenotype using chi-squared tests. Control data was obtained from data generated in the original GWAS for the British controls. SNP rs6585018 located in the PDCD4 gene predicted promoter was found to be significantly associated to childhood asthma (P=3.4x10-7). Additional markers on the PDCD4 gene area were chosen to be typed in 116 severe asthmatic children and 145 healthy children from the UK. SNPs rs6585018 (P=0.005), rs1322997 (P=0.005) in the predicted promoter area and rs34104444 (P=0.01) in exon 5 were associated to severe asthma. The three SNPs were also correlated with PDCD4 transcript levels. PDCD4 genomic area was analysed in silico and ElectroMobility Shift Assay (EMSA) experiments were designed for the rs6548018 alleles to examine how they alter transcription factor binding sites. SNP rs6585018 was found to alter the binding site of the Myb transcription factor possibly altering the expression of PDCD4 gene. This study has provided insights into the genetic factors that are involved in disease aetiology of severe asthma.
=538  \\$aMode of access: World Wide Web.
=710  2\$aImperial College, London.
=852  4\$aBritish Library$bDSC$cDRT$j513645
=856  40$uhttp://hdl.handle.net/10044/1/5593
=859  \\$aXLD$bEThOS
=CAT  \\$aETHOSBKLG$b00$c20111010$lBLL01$h1535
=CAT  \\$aETHOSBKLG$c20111010$lBLL01$h1607
=CAT  \\$aETHOSBKLG$c20111010$lBLL01$h1631
=CAT  \\$aBATCH$b00$c20111010$lBLL01$h1823
=CAT  \\$aBATCH-UPD$b00$c20121030$lBLL01$h1022
=CAT  \\$aWR13.117$c20130727$lBLL01$h2009
=CAT  \\$aWR13.144/5$c20140418$lBLL01$h1028
=CAT  \\$aBATCH-ETHO$b00$c20140502$lBLL01$h0139
=DRT  \\$aETHOS
=FIN  \\$aY$d20111010
=FMT  \\$a  BK
=LAS  \\$aBATCH-ETHO$b00$c20140502$lBLL01$h0139
=SRC  \\$aEThOS$bethos_marc_111007.mrc
=STA  \\$aSUPPRESSED$bEThOS can't supply or embargoed

