=LDR  03467 am a22005417i 4500
=001  015923975
=003  Uk
=005  20111010153533.0
=006  m\\\\\\\\d\\\\\\\\
=007  cr\|||||||||||
=008  111010s2008\\\\xxk\\\\\sbm\\\000\0\eng\\
=040  \\$aUk$beng$cUk$dUk
=082  14$a940.54$215
=100  10$aBines, Jeffrey.
=245  14$aThe Polish Country Section of the Special Operations Executive 1940-1946 A British Perspective$h[electronic resource].
=260  \\$bUniversity of Stirling,$c2008.
=300  \\$ap. :$bdigital, PDF file.
=336  \\$atext$2rdacontent
=337  \\$acomputer$2rdamedia
=338  \\$aonline resource$2rdacarrier
=502  \\$aThesis (Ph.D.)--University of Stirling, 2008.
=504  \\$aIncludes bibliographical references.
=520  3\$aThis thesis is a history of the Polish Country Section of the Special Operations Executive (SOE), a British organisation whose purpose was to infiltrate agents behind enemy lines during World War II. The thesis covers the period 1940 ? 1946, the entire period that SOE existed, and its close connection with the Polish special department, formally known as the Sixth Bureau of the Polish Government in Exile. Chapters contained herein each cover a full year of operations from 1941 -1943, followed by two chapters for 1944, and one chapter for 1945-1946. Covered are details of agent training, information on the first flight to Poland to drop agents and couriers and the problems encountered. The German invasion of the Soviet Union and SOE?s thoughts on the predicted outcome is covered, as are also Polish operations in France and indications of support for Polish operations in other parts of the world. Throughout, is evidence of the difficulties in obtaining sufficient air support for flights to Poland which, although inadequate for Polish requirements, were more abundant than many realised at the time. This is especially true with reference to supplies dropped to Warsaw during the rising of 1944. Brief accounts of the meetings between the ?Big Three?, Churchill, Roosevelt and Stalin, at Teheran and Yalta in as much as they affected SOE/Polish relations. The thesis finishes with appendices detailing agent/courier parachute drops, lists of personnel involved, a bibliography and glossary.
=538  \\$aMode of access: World Wide Web.
=650  \0$aPoles$zGreat Britain$xHistory$y20th century.
=650  \0$aSpecial operations (Military science)$zGreat Britain.
=650  \0$aWorld War, 1939-1945$zPoland.
=650  \0$aWorld War, 1939-1945$xMilitary intelligence$zGreat Britain.
=710  2\$aUniversity of Stirling.
=852  4\$aBritish Library$bDSC$cDRT$j513758
=856  40$uhttp://hdl.handle.net/1893/929
=859  \\$aXLD$bEThOS
=CAT  \\$aETHOSBKLG$b00$c20111010$lBLL01$h1535
=CAT  \\$aETHOSBKLG$c20111010$lBLL01$h1607
=CAT  \\$aETHOSBKLG$c20111010$lBLL01$h1631
=CAT  \\$aBATCH$b00$c20111010$lBLL01$h1823
=CAT  \\$aBATCH-UPD$b00$c20121030$lBLL01$h1022
=CAT  \\$aWR13.117$c20130727$lBLL01$h2009
=CAT  \\$aWR13.144/5$c20140418$lBLL01$h1028
=CAT  \\$aBATCH-ETHO$b00$c20160102$lBLL01$h0143
=CAT  \\$aBATCH-UPD$b00$c20160102$lBLL01$h0152
=CAT  \\$aBATCH-ETH8$c20170506$lBLL01$h1041
=DRT  \\$aETHOS
=FIN  \\$aY$d20111010
=FMT  \\$a  BK
=LAS  \\$aBATCH-ETH8$b00$c20170506$lBLL01$h1041
=SRC  \\$aEThOS$bethos_marc_111007.mrc
=STA  \\$aSUPPRESSED$bEThOS can't supply or embargoed

