=LDR  03909 am a22004937a 4500
=001  015924595
=003  Uk
=005  20111010153540.0
=006  m\\\\\\\\d\\\\\\\\
=007  cr\|||||||||||
=008  111010s2009\\\\xxk\\\\\sbm\\\000\0\eng\\
=040  \\$aUk$beng$cUk$dUk
=082  04$a621.382$223
=100  1\$aMak, Terrence Sui-Tung.
=245  10$aCircuit design and analysis for on-FPGA communication systems$h[electronic resource].
=260  \\$bImperial College, London,$c2009.
=300  \\$ap. :$bdigital, PDF file.
=336  \\$atext$2rdacontent
=337  \\$acomputer$2rdamedia
=338  \\$aonline resource$2rdacarrier
=502  \\$aThesis (Ph.D.)--Imperial College London, 2009.
=504  \\$aIncludes bibliographical references.
=520  3\$aOn-chip communication system has emerged as a prominently important subject in Very-Large-Scale-Integration (VLSI) design, as the trend of technology scaling favours logics more than interconnects. Interconnects often dictates the system performance, and, therefore, research for newmethodologies and system architectures that deliver high-performance communication servicesacross the chip is mandatory. The interconnect challenge is exacerbated in Field-ProgrammableGate Array (FPGA), as a type of ASIC where the hardware can be programmed post-fabrication. Communication across an FPGA will be deteriorating as a result of interconnect scaling. The programmablefabrics, switches and the specific routing architecture also introduce additional latencyand bandwidth degradation further hindering intra-chip communication performance. Past research efforts mainly focused on optimizing logic elements and functional units in FPGAs. Communication with programmable interconnect received little attention and is inadequately understood. This thesis is among the first to research on-chip communication systems that are built ontop of programmable fabrics and proposes methodologies to maximize the interconnect throughputperformance. There are three major contributions in this thesis: (i) an analysis of on-chipinterconnect fringing, which degrades the bandwidth of communication channels due to routingcongestions in reconfigurable architectures; (ii) a new analogue wave signalling scheme that significantlyimproves the interconnect throughput by exploiting the fundamental electrical characteristicsof the reconfigurable interconnect structures. This new scheme can potentially mitigatethe interconnect scaling challenges. (iii) a novel Dynamic Programming (DP)-network to provideadaptive routing in network-on-chip (NoC) systems. The DP-network architecture performs runtimeoptimization for route planning and dynamic routing which, effectively utilizes the in-siliconbandwidth. This thesis explores a new horizon in reconfigurable system design, in which newmethodologies and concepts are proposed to enhance the on-FPGA communication throughputperformance that is of vital importance in new technology processes.
=536  \\$aSponsored by: Croucher Foundation
=538  \\$aMode of access: World Wide Web.
=710  2\$aImperial College, London.
=852  4\$aBritish Library$bDSC$cDRT$j514525
=856  40$uhttp://hdl.handle.net/10044/1/5599
=859  \\$aXLD$bEThOS
=CAT  \\$aETHOSBKLG$b00$c20111010$lBLL01$h1535
=CAT  \\$aETHOSBKLG$c20111010$lBLL01$h1608
=CAT  \\$aETHOSBKLG$c20111010$lBLL01$h1631
=CAT  \\$aBATCH$b00$c20111010$lBLL01$h1823
=CAT  \\$aBATCH-UPD$b00$c20121030$lBLL01$h1022
=CAT  \\$aWR13.117$c20130727$lBLL01$h2009
=CAT  \\$aWR13.144/5$c20140418$lBLL01$h1028
=CAT  \\$aBATCH-ETHO$b00$c20140502$lBLL01$h0139
=CAT  \\$aBATCH-ETH8$c20170506$lBLL01$h1041
=DRT  \\$aETHOS
=FIN  \\$aY$d20111010
=FMT  \\$a  BK
=LAS  \\$aBATCH-ETH8$b00$c20170506$lBLL01$h1041
=SRC  \\$aEThOS$bethos_marc_111007.mrc
=STA  \\$aSUPPRESSED$bEThOS can't supply or embargoed

