=LDR  03673 am a22004817a 4500
=001  015924605
=003  Uk
=005  20111010153540.0
=006  m\\\\\\\\d\\\\\\\\
=007  cr\|||||||||||
=008  111010s2010\\\\xxk\\\\\sbm\\\000\0\eng\\
=040  \\$aUk$beng$cUk
=082  04$a571.6$223
=100  1\$aMcAleenan, Alexandra Susan Jane.
=245  10$aDNA damage provokes cohesin sumoylation in Saccharomyces cerevisiae$h[electronic resource].
=260  \\$bImperial College, London,$c2010.
=300  \\$ap. :$bdigital, PDF file.
=336  \\$atext$2rdacontent
=337  \\$acomputer$2rdamedia
=338  \\$aonline resource$2rdacarrier
=502  \\$aThesis (Ph.D.)--Imperial College, London.
=504  \\$aIncludes bibliographical references.
=520  3\$aCohesin tethers sister chromatids together from their creation during S-phase until their separation at the metaphase to anaphase transition. Cohesion is essential for correct segregation and therefore genomic stability. Cohesin is also involved in the regulation of transcription and in DNA repair. Cohesin affects these processes by its ability to hold two pieces of DNA together. Cohesin is subject to a variety of post-translational modifications. In this study, the modification of cohesin, more specifically the Scc1 subunit, by Small ubiquitin-like modifier (SUMO) was analysed. It was found that cohesin is sumoylated during an unperturbed cell cycle, but is hyper-modified after DNA damage. To determine the function of Scc1 modification by SUMO, attempts were made to identify the modified residues. Mass spectrometry techniques for SUMO site identification were developed in parallel to site-directed mutagenesis studies. Potential sumoylation sites were identified on Scc1, but when these were mutated there was little effect on either viability or the sumoylation pattern obtained. Mutants were then constructed in which only one lysine was present. Surprisingly, several of these were viable, not sensitive to methyl methane sulfonate and were not sumoylated, suggesting that either sumoylation of Scc1 is not essential and not required after DNA damage, or that sumoylation of the rest of the cohesin complex can compensate. To investigate this, Scc1 fusions with the SUMO E2 ligase, Ubc9, and a SUMO isopeptidase, Ulp1, to mimic constitutively sumoylated and unsumoylatable cohesin respectively, were constructed. Unexpectedly, it was found that both fusions relocalized to a double strand break, and that the Ulp1 fusion was recruited to a greater extent. Data from our laboratory suggests that the Ubc9 fusion is not competent for cohesion after damage, although it is sufficient for viability. Sumoylation may therefore be involved in cohesin unloading or turnover, which might be required after DNA damage.
=538  \\$aMode of access: World Wide Web.
=710  2\$aImperial College, London.
=852  4\$aBritish Library$bDSC$cDRT$j514535
=856  40$uhttp://hdl.handle.net/10044/1/5600
=859  \\$aXLD$bEThOS
=CAT  \\$aETHOSBKLG$b00$c20111010$lBLL01$h1535
=CAT  \\$aETHOSBKLG$c20111010$lBLL01$h1608
=CAT  \\$aETHOSBKLG$c20111010$lBLL01$h1631
=CAT  \\$aBATCH$b00$c20111010$lBLL01$h1823
=CAT  \\$aBATCH-UPD$b00$c20121030$lBLL01$h1022
=CAT  \\$aWR13.117$c20130727$lBLL01$h2009
=CAT  \\$aWR13.144/5$c20140418$lBLL01$h1028
=CAT  \\$aBATCH-ETHO$b00$c20140502$lBLL01$h0139
=CAT  \\$aBATCH-ETH8$c20170506$lBLL01$h1041
=DRT  \\$aETHOS
=FIN  \\$aY$d20111010
=FMT  \\$a  BK
=LAS  \\$aBATCH-ETH8$b00$c20170506$lBLL01$h1041
=SRC  \\$aEThOS$bethos_marc_111007.mrc
=STA  \\$aSUPPRESSED$bEThOS can't supply or embargoed

