=LDR  03593 am a22004817a 4500
=001  015924607
=003  Uk
=005  20111010153540.0
=006  m\\\\\\\\d\\\\\\\\
=007  cr\|||||||||||
=008  111010s2009\\\\xxk\\\\\sbm\\\000\0\eng\\
=040  \\$aUk$beng$cUk$dUk
=082  04$a571.4$223
=100  1\$aGardner, Elizabeth Mary.
=245  10$aTwo-dimensional infrared spectroscopy for protein analysis$h[electronic resource].
=260  \\$bImperial College, London,$c2009.
=300  \\$ap. :$bdigital, PDF file.
=336  \\$atext$2rdacontent
=337  \\$acomputer$2rdamedia
=338  \\$aonline resource$2rdacarrier
=502  \\$aThesis (Ph.D.)--Imperial College London (University of London), 2009.
=504  \\$aIncludes bibliographical references.
=520  3\$aA number of forms of coherent multi-dimensional vibrational spectroscopy(CMDVS) have been identified as being useful for addressing a range of biologicalproblems. Here a particular member of this family of spectroscopies, electronvibration-vibration two-dimensional infrared (EVV 2DIR) spectroscopy (alsoknown as DOubly-Vibrationally Enhanced InfraRed (DOVE-IR)), is explored for itspossible utility for two particular bioanalytical applications; protein identificationand the study of enzyme mechanisms. The main focus of this work is on thedevelopment of EVV 2DIR as a tool for high-throughput, label-free proteomics, inparticular for protein identification and absolute quantification. The proteinfingerprinting strategy is based on the identification of proteins through theirspectroscopically determined amino acid compositions. To this end, spectralsignatures of amino acid side chains (tyrosine, phenylalanine and tryptophan) havebeen identified, as well as those from CH2 and CH3 groups which have been foundto be appropriate for use as internal references. The intensities of these cross peaksare measured to give proteins? amino acid compositions in the form of amino acid /CHx ratios. Specialised databases comprising the amino acid / CHx ratios of proteinshave been developed for achieving protein identifications using the EVV 2DIR data. The second strand of this research considers the potential of triply resonant EVV2DIR for studying protein structures and mechanisms. It is possible to use theelectronic polarising properties of EVV 2DIR to good effect to achieve significantenhancement of the signal size when probing a chromophore. Here this effect isdemonstrated for the case of bacteriorhodopsin (bR) membranes isolated fromHalobacterium salinarium. The signal enhancement that is achievable from theretinal chromophore at the heart of bR makes it possible to study this whilstavoiding the surrounding protein.
=538  \\$aMode of access: World Wide Web.
=710  2\$aImperial College, London.
=852  4\$aBritish Library$bDSC$cDRT$j514537
=856  40$uhttp://hdl.handle.net/10044/1/5602
=859  \\$aXLD$bEThOS
=CAT  \\$aETHOSBKLG$b00$c20111010$lBLL01$h1535
=CAT  \\$aETHOSBKLG$c20111010$lBLL01$h1608
=CAT  \\$aETHOSBKLG$c20111010$lBLL01$h1631
=CAT  \\$aBATCH$b00$c20111010$lBLL01$h1823
=CAT  \\$aBATCH-UPD$b00$c20121030$lBLL01$h1022
=CAT  \\$aWR13.117$c20130727$lBLL01$h2009
=CAT  \\$aWR13.144/5$c20140418$lBLL01$h1028
=CAT  \\$aBATCH-ETHO$b00$c20140502$lBLL01$h0139
=CAT  \\$aBATCH-ETH8$c20170506$lBLL01$h1041
=DRT  \\$aETHOS
=FIN  \\$aY$d20111010
=FMT  \\$a  BK
=LAS  \\$aBATCH-ETH8$b00$c20170506$lBLL01$h1041
=SRC  \\$aEThOS$bethos_marc_111007.mrc
=STA  \\$aSUPPRESSED$bEThOS can't supply or embargoed

