=LDR  03434 am a22004697a 4500
=001  015924608
=003  Uk
=005  20111010153540.0
=006  m\\\\\\\\d\\\\\\\\
=007  cr\|||||||||||
=008  101031s2010\\\\xxk\\\\\sbm\\\000\0\eng\\
=040  \\$aUk$beng$cUk
=082  04$a571.29$223
=100  1\$aEngl, Christoph.
=245  10$aRegulation and localisation of PSP proteins in E-Coli$h[electronic resource].
=260  \\$bImperial College London,$c2010.
=300  \\$ap. :$bdigital, PDF file.
=336  \\$atext$2rdacontent
=337  \\$acomputer$2rdamedia
=338  \\$aonline resource$2rdacarrier
=502  \\$aThesis (Ph.D.)--Imperial College London, 2010.
=504  \\$aIncludes bibliographical references.
=520  3\$aThe phage shock protein (Psp) response is found in many Gram-negative enterobacteria, where it helps to maintain the proton motive force (PMF) when the integrity of the inner membrane (IM) is impaired and promotes virulence of pathogens such as Yersinia or Salmonella. In Escherichia coli, Psp comprises seven genes (pspF pspABCDE and pspG) which are organised in a regulon under the control of two Sigma54-dependent promoters. Despite considerable advances, neither the mechanism of Psp induction nor the functioning of the Psp response is fully understood. Recent findings comparing the roles of ArcB in Yersinia enterocolitica and E. coli caused a dispute over the requirement of the two component system ArcAB in Psp signal-transduction. The present study now establishes that ArcAB involvement is conditional and appears to be mediated via protein-protein interactions between ArcB and PspB. The study further suggests that the cellular ubiquinone pool, which acts upstream of ArcAB, may also play a role in Psp signalling whereas dissipation of proton motive force (PMF), generally inferred to be the inducing signal, is not sufficient to mount a Psp response. To gain further insight into its functioning, PspA (a negative regulator and effector of Psp) and PspG (an effector of Psp) were visualised in vivo using fusions to Green fluorescent protein (GFP). To maintain PMF, PspA was proposed to uniformly cover the cytoplasmic face of the IM. However, the present study demonstrates that PspA (and PspG) is highly organised into distinct complexes at the cell pole and the lateral cell membrane. Real-time observations revealed lateral PspA and PspG complexes are highly mobile, but absent in cells lacking MreB. Without the MreB cytoskeleton, induction of the Psp response is still observed, yet these cells fail to maintain PMF under stress conditions.
=538  \\$aMode of access: World Wide Web.
=710  2\$aImperial College, London.
=852  4\$aBritish Library$bDSC$cDRT$j514538
=856  40$uhttp://hdl.handle.net/10044/1/5603
=859  \\$aXLD$bEThOS
=CAT  \\$aETHOSBKLG$b00$c20111010$lBLL01$h1535
=CAT  \\$aETHOSBKLG$c20111010$lBLL01$h1608
=CAT  \\$aETHOSBKLG$c20111010$lBLL01$h1631
=CAT  \\$aBATCH$b00$c20111010$lBLL01$h1823
=CAT  \\$aBATCH-UPD$b00$c20121030$lBLL01$h1022
=CAT  \\$aWR13.117$c20130727$lBLL01$h2009
=CAT  \\$aWR13.144/5$c20140418$lBLL01$h1028
=CAT  \\$aBATCH-ETHO$b00$c20140502$lBLL01$h0139
=DRT  \\$aETHOS
=FIN  \\$aY$d20111010
=FMT  \\$a  BK
=LAS  \\$aBATCH-ETHO$b00$c20140502$lBLL01$h0139
=SRC  \\$aEThOS$bethos_marc_111007.mrc
=STA  \\$aSUPPRESSED$bEThOS can't supply or embargoed

