=LDR  03717 am a22004937a 4500
=001  015924609
=003  Uk
=005  20111010153540.0
=006  m\\\\\\\\d\\\\\\\\
=007  cr\|||||||||||
=008  111010s2010\\\\xxk\\\\\sbm\\\000\0\eng\\
=040  \\$aUk$beng$cUk$dUk
=082  04$a004$223
=100  1\$aBrown, Ashley W.
=245  10$aProfile-directed specialisation of custom floating-point hardware$h[electronic resource].
=260  \\$bImperial College, London,$c2010.
=300  \\$ap. :$bdigital, PDF file.
=336  \\$atext$2rdacontent
=337  \\$acomputer$2rdamedia
=338  \\$aonline resource$2rdacarrier
=502  \\$aThesis (Ph.D.)--Imperial College London (University of London), 2010.
=504  \\$aIncludes bibliographical references.
=520  3\$aWe present a methodology for generating floating-point arithmetic hardwaredesigns which are, for suitable applications, much reduced in size, while stillretaining performance and IEEE-754 compliance. Our system uses threekey parts: a profiling tool, a set of customisable floating-point units and aselection of system integration methods. We use a profiling tool for floating-point behaviour to identify arithmeticoperations where fundamental elements of IEEE-754 floating-point may becompromised, without generating erroneous results in the common case. In the uncommon case, we use simple detection logic to determine whenoperands lie outside the range of capabilities of the optimised hardware. Out-of-range operations are handled by a separate, fully capable, floatingpointimplementation, either on-chip or by returning calculations to a hostprocessor. We present methods of system integration to achieve this errorcorrection. Thus the system suffers no compromise in IEEE-754 compliance,even when the synthesised hardware would generate erroneous results. In particular, we identify from input operands the shift amounts requiredfor input operand alignment and post-operation normalisation. For operationswhere these are small, we synthesise hardware with reduced-sizebarrel-shifters. We also propose optimisations to take advantage of otherprofile-exposed behaviours, including removing the hardware required toswap operands in a floating-point adder or subtractor, and reducing theexponent range to fit observed values. We present profiling results for a range of applications, including a selectionof computational science programs, Spec FP 95 benchmarks and theFFMPEG media processing tool, indicating which would be amenable toour method. Selected applications which demonstrate potential for optimisationare then taken through to a hardware implementation. We show upto a 45% decrease in hardware size for a floating-point datapath, with acorrectable error-rate of less then 3%, even with non-profiled datasets.
=536  \\$aSponsored by: EPSRC
=538  \\$aMode of access: World Wide Web.
=710  2\$aImperial College, London.
=852  4\$aBritish Library$bDSC$cDRT$j514539
=856  40$uhttp://hdl.handle.net/10044/1/5604
=859  \\$aXLD$bEThOS
=CAT  \\$aETHOSBKLG$b00$c20111010$lBLL01$h1535
=CAT  \\$aETHOSBKLG$c20111010$lBLL01$h1608
=CAT  \\$aETHOSBKLG$c20111010$lBLL01$h1631
=CAT  \\$aBATCH$b00$c20111010$lBLL01$h1823
=CAT  \\$aBATCH-UPD$b00$c20121030$lBLL01$h1022
=CAT  \\$aWR13.117$c20130727$lBLL01$h2009
=CAT  \\$aWR13.144/5$c20140418$lBLL01$h1028
=CAT  \\$aBATCH-ETHO$b00$c20140502$lBLL01$h0139
=CAT  \\$aBATCH-ETH8$c20170506$lBLL01$h1041
=DRT  \\$aETHOS
=FIN  \\$aY$d20111010
=FMT  \\$a  BK
=LAS  \\$aBATCH-ETH8$b00$c20170506$lBLL01$h1041
=SRC  \\$aEThOS$bethos_marc_111007.mrc
=STA  \\$aSUPPRESSED$bEThOS can't supply or embargoed

