=LDR  03387 am a22004817a 4500
=001  015924622
=003  Uk
=005  20111010153540.0
=006  m\\\\\\\\d\\\\\\\\
=007  cr\|||||||||||
=008  111010s2010\\\\xxk\\\\\sbm\\\000\0\eng\\
=040  \\$aUk$beng$cUk$dUk
=082  04$a621.3$223
=100  1\$aTuckwell, Mark David.
=245  10$aAnalogue circuits for low power communication$h[electronic resource].
=260  \\$bImperial College, London,$c2010.
=300  \\$ap. :$bdigital, PDF file.
=336  \\$atext$2rdacontent
=337  \\$acomputer$2rdamedia
=338  \\$aonline resource$2rdacarrier
=502  \\$aThesis (Ph.D.)--Imperial College London (University of London), 2010.
=504  \\$aIncludes bibliographical references.
=520  3\$aLow power electronic circuits are required to extend the operationaltime of battery operated devices. They are also necessaryto reduce the power consumption of equipment in general, especiallyas the world tries to cut energy usage. The first sectionof this thesis explores fundamental and implementation limits forlow power circuits. The energy requirements of amplification arepresented and a lower bound on the energy required to transmitinformation over a point to point link is proposed. It is evident from the low power limits survey that when a transistoris biased, significant thermodynamic energy is required toreduce the resistance of the channel. A transmitter is presentedthat turns on a transistor for 0.1 % of transmitted time. Thistransmitter approximates a Gaussian pulse by allowing the impulseresponse of two 2nd order transmitting elements to sum infree space. The transmitter is of low complexity and the receiverarchitecture ensures that no on-line tuning is required. Measuredresults indicate that by using coherent detection a 1 Mbps, 50mm distance link with a bit error rate of 10?3 can be achieved. The bandwidth of the transmitted pulse is 30-37.5 MHz and 30dB of out of band attenuation is provided. An analogue Gabor transform is described which splits a signalinto parallel paths of a lower bandwidth. This enables post processingat lower clock rates, which can reduce energy dissipation. An implementation of the transform using sub-threshold CMOScontinuous time filters is presented. A novel method for designinglow power gmC filters using simple models of identical transconductorsis used to specify transistor sizes. Measured results showthat the transform consumes 7 ?W for an input signal bandwidthof 4 kHz.
=538  \\$aMode of access: World Wide Web.
=710  2\$aImperial College, London.
=852  4\$aBritish Library$bDSC$cDRT$j514556
=856  40$uhttp://hdl.handle.net/10044/1/5594
=859  \\$aXLD$bEThOS
=CAT  \\$aETHOSBKLG$b00$c20111010$lBLL01$h1535
=CAT  \\$aETHOSBKLG$c20111010$lBLL01$h1608
=CAT  \\$aETHOSBKLG$c20111010$lBLL01$h1631
=CAT  \\$aBATCH$b00$c20111010$lBLL01$h1823
=CAT  \\$aBATCH-UPD$b00$c20121030$lBLL01$h1022
=CAT  \\$aWR13.117$c20130727$lBLL01$h2009
=CAT  \\$aWR13.144/5$c20140418$lBLL01$h1028
=CAT  \\$aBATCH-ETHO$b00$c20140502$lBLL01$h0139
=CAT  \\$aBATCH-ETH8$c20170506$lBLL01$h1041
=DRT  \\$aETHOS
=FIN  \\$aY$d20111010
=FMT  \\$a  BK
=LAS  \\$aBATCH-ETH8$b00$c20170506$lBLL01$h1041
=SRC  \\$aEThOS$bethos_marc_111007.mrc
=STA  \\$aSUPPRESSED$bEThOS can't supply or embargoed

