=LDR  03791 am a22004697a 4500
=001  015924624
=003  Uk
=005  20111010153540.0
=006  m\\\\\\\\d\\\\\\\\
=007  cr\|||||||||||
=008  101031s2009\\\\xxk\\\\\sbm\\\000\0\eng\\
=040  \\$aUk$beng$cUk
=082  04$a547.7$223
=100  1\$aSo, Sheung Wang Jerry.
=245  14$aThe novel membrane enhanced peptide synthesis process$h[electronic resource].
=260  \\$bImperial College London,$c2009.
=300  \\$ap. :$bdigital, PDF file.
=336  \\$atext$2rdacontent
=337  \\$acomputer$2rdamedia
=338  \\$aonline resource$2rdacarrier
=502  \\$aThesis (Ph.D.)--Imperial College London, 2009.
=504  \\$aIncludes bibliographical references.
=520  3\$aIn this research project we investigated the feasibility of incorporating organic solvent nanofiltration techniques with peptide synthesis and developed the Membrane Enhanced Peptide Synthesis process - the MEPS process. Two membranes had been identified to be applicable for the MEPS process to separate the peptide building block from post reaction waste. These are the commercially available Inopor ZrO2/Al2O3 hydrophobic membrane and the cross-linked polyimide membrane that had been fabricated in our laboratory. Two penta-peptides were synthesized on a soluble polymeric support to demonstrate the principle of MEPS process. The purity and yields of these penta-peptides were excellent when compared with one synthesized using the Liquid Phase Peptide Synthesis (LPPS) and Solid Phase Peptide Synthesis (SPPS) processes. To improve the quality and supply of membrane for the MEPS process a number of membrane fabrication parameters were investigated. This investigation demonstrated ways of manipulating the performance of the cross-linked polyimide membrane which gives engineers the opportunity to tailor make polymeric membrane to meet the requirement of the MEPS process. This membrane optimisation provides the MEPS process with a constant supply of reproducible membrane and allows this process to be further developed into a highly repeatable process. Other soluble polymeric support products were also investigated in an attempt to avoid product contamination by PEGylated waste. Peptide chains were built onto a degradable polymeric support and once the desired peptide sequence had completed, the polymeric support was then completely hydrolysed in acid to obtain a high purity peptide product. Results showed this simple idea was not as straight forward to perform as expected. It demonstrated that the idea was possible and has great potential but further development is required. A number of recommendations have been suggested for further improvement and optimisation of this newly developed MEPS process. Not only are these related to the enhancement of the membrane stability, improvement in peptide crude purity and product yield, but also other potential applications of the MEPS principle.
=538  \\$aMode of access: World Wide Web.
=710  2\$aImperial College, London.
=852  4\$aBritish Library$bDSC$cDRT$j514558
=856  40$uhttp://hdl.handle.net/10044/1/5606
=859  \\$aXLD$bEThOS
=CAT  \\$aETHOSBKLG$b00$c20111010$lBLL01$h1535
=CAT  \\$aETHOSBKLG$c20111010$lBLL01$h1608
=CAT  \\$aETHOSBKLG$c20111010$lBLL01$h1631
=CAT  \\$aBATCH$b00$c20111010$lBLL01$h1823
=CAT  \\$aBATCH-UPD$b00$c20121030$lBLL01$h1022
=CAT  \\$aWR13.117$c20130727$lBLL01$h2009
=CAT  \\$aWR13.144/5$c20140418$lBLL01$h1028
=CAT  \\$aBATCH-ETHO$b00$c20140502$lBLL01$h0139
=DRT  \\$aETHOS
=FIN  \\$aY$d20111010
=FMT  \\$a  BK
=LAS  \\$aBATCH-ETHO$b00$c20140502$lBLL01$h0139
=SRC  \\$aEThOS$bethos_marc_111007.mrc
=STA  \\$aSUPPRESSED$bEThOS can't supply or embargoed

