=LDR  03542 am a22004817a 4500
=001  015924626
=003  Uk
=005  20111010153540.0
=006  m\\\\\\\\d\\\\\\\\
=007  cr\|||||||||||
=008  111010s2006\\\\xxk\\\\\sbm\\\000\0\eng\\
=040  \\$aUk$beng$cUk$dUk
=082  04$a621.3$223
=100  1\$aPu, Suan Hui.
=245  12$aA micromachined zipping variable capacitor$h[electronic resource].
=260  \\$bImperial College, London,$c2006.
=300  \\$ap. :$bdigital, PDF file.
=336  \\$atext$2rdacontent
=337  \\$acomputer$2rdamedia
=338  \\$aonline resource$2rdacarrier
=502  \\$aThesis (Ph.D.)--Imperial College London (University of London), 2006.
=504  \\$aIncludes bibliographical references.
=520  3\$aMicro-electro-mechanical systems (MEMS) have become ubiquitous in recent years andare found in a wide range of consumer products. At present, MEMS technology forradio-frequency (RF) applications is maturing steadily, and significant improvementshave been demonstrated over solid-state components. A wide range of RF MEMS varactors have been fabricated in the last fifteen years. Despite demonstrating tuning ranges and quality factors that far surpass solid-statevaractors, certain challenges remain. Firstly, it is difficult to scale up capacitancevalues while preserving a small device footprint. Secondly, many highly-tunable MEMSvaractors include complex designs or process flows. In this dissertation, a new micromachined zipping variable capacitor suitable forapplication at 0.1 to 5 GHz is reported. The varactor features a tapered cantilever thatzips incrementally onto a dielectric surface when actuated electrostatically by a pulldownelectrode. Shaping the cantilever using a width function allows stable actuationand continuous capacitance tuning. Compared to existing MEMS varactors, this devicehas a simple design that can be implemented using a straightforward process flow. Inaddition, the zipping varactor is particularly suited for incorporating a highpermittivitydielectric, allowing the capacitance values and tuning range to be scaledup. This is important for portable consumer electronics where a small device footprintis attractive. Three different modelling approaches have been developed for zipping varactordesign. A repeatable fabrication process has also been developed for varactors with asilicon dioxide dielectric. In proof-of-concept devices, the highest continuous tuningrange is 400% (24 to 121 fF) and the measured quality factors are 123 and 69 (0.1 and0.7 pF capacitance, respectively) at 2 GHz. The varactors have a compact design andfit within an area of 500 by 100 ?m.
=538  \\$aMode of access: World Wide Web.
=710  2\$aImperial College, London.
=852  4\$aBritish Library$bDSC$cDRT$j514560
=856  40$uhttp://hdl.handle.net/10044/1/5608
=859  \\$aXLD$bEThOS
=CAT  \\$aETHOSBKLG$b00$c20111010$lBLL01$h1535
=CAT  \\$aETHOSBKLG$c20111010$lBLL01$h1608
=CAT  \\$aETHOSBKLG$c20111010$lBLL01$h1631
=CAT  \\$aBATCH$b00$c20111010$lBLL01$h1823
=CAT  \\$aBATCH-UPD$b00$c20121030$lBLL01$h1022
=CAT  \\$aWR13.117$c20130727$lBLL01$h2009
=CAT  \\$aWR13.144/5$c20140418$lBLL01$h1028
=CAT  \\$aBATCH-ETHO$b00$c20140502$lBLL01$h0139
=CAT  \\$aBATCH-ETH8$c20170506$lBLL01$h1041
=DRT  \\$aETHOS
=FIN  \\$aY$d20111010
=FMT  \\$a  BK
=LAS  \\$aBATCH-ETH8$b00$c20170506$lBLL01$h1041
=SRC  \\$aEThOS$bethos_marc_111007.mrc
=STA  \\$aSUPPRESSED$bEThOS can't supply or embargoed

