=LDR  03568 am a22004817a 4500
=001  015924627
=003  Uk
=005  20111010153540.0
=006  m\\\\\\\\d\\\\\\\\
=007  cr\|||||||||||
=008  111010s2009\\\\xxk\\\\\sbm\\\000\0\eng\\
=040  \\$aUk$beng$cUk$dUk
=082  04$a531.16$223
=100  1\$aFish, Aron.
=245  10$aConstruction and testing of the scintillating fibre trackers for MICE$h[electronic resource].
=260  \\$bImperial College, London,$c2009.
=300  \\$ap. :$bdigital, PDF file.
=336  \\$atext$2rdacontent
=337  \\$acomputer$2rdamedia
=338  \\$aonline resource$2rdacarrier
=502  \\$aThesis (Ph.D.)--Imperial College, London, 2009.
=504  \\$aIncludes bibliographical references.
=520  3\$aThe discovery of neutrino mass through experimental evidence of neutrino oscillationsat the end of the last century has provided the first proof that the StandardModel of particle physics is incomplete. To be able to extend the StandardModel to incorporate massive neutrinos first requires many theoretical uncertaintiessurrounding the particle and its interactions to be understood. Therefore, adedicated experimental programme is needed over the coming decades to provideprecision measurements of the neutrino oscillation parameters and also a possiblemeasurement of CP violation in the lepton sector, which could have astrophysicalconsequences. An intense source of neutrinos is required to achieve these precision measurementsand the leading contender proposed to provide this neutrino beam, is the NeutrinoFactory. Before a Neutrino Factory facility can be realised, a number of technologicalchallenges need to be evaluated and understood first. One of which, is reduce thelarge phase space volume (emittance) of the initial muon beam, which is eventuallystored and through decay provides the neutrino beam. Ionisation cooling is thechosen method to achieve this and the Muon Ionisation Cooling Experiment (MICE)at Rutherford Laboratory in the UK, is required to demonstrate ionisation coolingand its feasibility for a Neutrino Factory. To demonstrate ionisation cooling, a section of a cooling channel will be constructedand single-particle measurements of emittance of a muon beam before and after thecooling channel from particle spectrometers will be compared. To measure emittanceaccurately requires precision measurements of the momenta and spatial coordinatesat the spectrometers by tracking devices in a uniform magnetic field. The focusof this thesis is based around the construction and testing of the MICE tracker(s),including a study of its simulated performance and also construction and testing of a prototype.
=538  \\$aMode of access: World Wide Web.
=710  2\$aImperial College, London.
=852  4\$aBritish Library$bDSC$cDRT$j514561
=856  40$uhttp://hdl.handle.net/10044/1/5609
=859  \\$aXLD$bEThOS
=CAT  \\$aETHOSBKLG$b00$c20111010$lBLL01$h1535
=CAT  \\$aETHOSBKLG$c20111010$lBLL01$h1608
=CAT  \\$aETHOSBKLG$c20111010$lBLL01$h1631
=CAT  \\$aBATCH$b00$c20111010$lBLL01$h1823
=CAT  \\$aBATCH-UPD$b00$c20121030$lBLL01$h1022
=CAT  \\$aWR13.117$c20130727$lBLL01$h2009
=CAT  \\$aWR13.144/5$c20140418$lBLL01$h1028
=CAT  \\$aBATCH-ETHO$b00$c20140502$lBLL01$h0139
=CAT  \\$aBATCH-ETH8$c20170506$lBLL01$h1041
=DRT  \\$aETHOS
=FIN  \\$aY$d20111010
=FMT  \\$a  BK
=LAS  \\$aBATCH-ETH8$b00$c20170506$lBLL01$h1041
=SRC  \\$aEThOS$bethos_marc_111007.mrc
=STA  \\$aSUPPRESSED$bEThOS can't supply or embargoed

