=LDR  03345 am a22004937a 4500
=001  015924628
=003  Uk
=005  20111010153540.0
=006  m\\\\\\\\d\\\\\\\\
=007  cr\|||||||||||
=008  111010s2010\\\\xxk\\\\\sbm\\\000\0\eng\\
=040  \\$aUk$beng$cUk$dUk
=082  04$a005.3$223
=100  1\$aSpacey, Simon A.
=245  10$aComputational partitioning for heterogeneous systems$h[electronic resource].
=260  \\$bImperial College, London,$c2010.
=300  \\$ap. :$bdigital, PDF file.
=336  \\$atext$2rdacontent
=337  \\$acomputer$2rdamedia
=338  \\$aonline resource$2rdacarrier
=502  \\$aThesis (Ph.D.)--Imperial College London (University of London), 2010.
=504  \\$aIncludes bibliographical references.
=520  3\$aThe high-level goal of this research is to identify a method to accelerate generalpurpose software using heterogeneous systems. Heterogeneous systems offer thepotential of improving performance through the use of hardware componentsspecialised for a particular task. The issue considered in this research is how bestto map parts of an existing piece of software to components in a heterogeneousarchitecture to deliver the optimal program execution time. The heterogeneous partitioning problem is an NP-hard quadratic optimisationproblem. However, before the problem could be addressed using optimisationtechniques, the problem had to be quantified and formalised using software characterisationand computational abstraction models. The main contributions delivered by this research are:? 3S: a novel software characterisation framework that combines static instrumentationwith dynamic characterisation enabling simple tools to measurereal fine-grained execution timing, control and data flow information forany compilable program.? MAP: a new execution model and multi-level parallel assignment approachthat delivers up to 64 times the heterogeneous acceleration potential ofprevious work for the benchmarks considered.? MIP: the first formal work on multiple instantiation under activation sequenceuncertainty, providing more than twice the acceleration potentialof previous optimal assignment methods for the software considered andcapable of being integrated with MAP to deliver significant gains for heterogeneouspartitioning. These contributions have been published in a collection of research papers andare the focus of Chapters 3, 4 and 5 of this thesis.
=536  \\$aSponsored by: EPSRC
=538  \\$aMode of access: World Wide Web.
=710  2\$aImperial College, London.
=852  4\$aBritish Library$bDSC$cDRT$j514562
=856  40$uhttp://hdl.handle.net/10044/1/5610
=859  \\$aXLD$bEThOS
=CAT  \\$aETHOSBKLG$b00$c20111010$lBLL01$h1535
=CAT  \\$aETHOSBKLG$c20111010$lBLL01$h1608
=CAT  \\$aETHOSBKLG$c20111010$lBLL01$h1631
=CAT  \\$aBATCH$b00$c20111010$lBLL01$h1823
=CAT  \\$aBATCH-UPD$b00$c20121030$lBLL01$h1022
=CAT  \\$aWR13.117$c20130727$lBLL01$h2009
=CAT  \\$aWR13.144/5$c20140418$lBLL01$h1028
=CAT  \\$aBATCH-ETHO$b00$c20140502$lBLL01$h0139
=CAT  \\$aBATCH-ETH8$c20170506$lBLL01$h1041
=DRT  \\$aETHOS
=FIN  \\$aY$d20111010
=FMT  \\$a  BK
=LAS  \\$aBATCH-ETH8$b00$c20170506$lBLL01$h1041
=SRC  \\$aEThOS$bethos_marc_111007.mrc
=STA  \\$aSUPPRESSED$bEThOS can't supply or embargoed

