=LDR  02932 am a22004937a 4500
=001  015924630
=003  Uk
=005  20111010153540.0
=006  m\\\\\\\\d\\\\\\\\
=007  cr\|||||||||||
=008  111010s2010\\\\xxk\\\\\sbm\\\000\0\eng\\
=040  \\$aUk$beng$cUk$dUk
=082  04$a547.7$223
=100  1\$aWebber, Matthew J.
=245  10$aTowards the First Asymmetric Total Synthesis of (-)-Euonyminol$h[electronic resource].
=260  \\$bImperial College, London,$c2010.
=300  \\$ap. :$bdigital, PDF file.
=336  \\$atext$2rdacontent
=337  \\$acomputer$2rdamedia
=338  \\$aonline resource$2rdacarrier
=502  \\$aThesis (Ph.D.)--Imperial College London (University of London), 2010.
=504  \\$aIncludes bibliographical references.
=520  3\$a(?)-euonyminol is a poly-oxygenated sesquiterpene which was first isolated in 1953 byBeroza. It was isolated by the saponification of a mixture of four alkaloids fromTripterygium wilfordii Hook, a member of the Celastraceae plant family. Since itsdiscovery, (?)-euonyminol has been found to be a common core for a plethora of otherCelastraceae natural products. Among these are hypogluanine B and triptonine B, twopotent anti-HIV compounds. In this thesis, an overview of the natural products of the Celastraceae is given,highlighting euonyminol as a core of high value both in terms of biological activity andas an intriguing synthetic target. The biological significance of the natural product class isdescribed with particular focus upon anti-HIV and multi-drug resistance reversalproperties. Prior synthetic work towards euonyminol and other molecules similar instructure is also described. The remainder of the thesis describes work carried out towards the total asymmetricsynthesis of (?)-euonyminol, employing a model system to develop chemistry suitable forinstalling the southern hemisphere oxygenation pattern. Two synthetic routes aredescribed and both of these feature an Ireland-Claisen rearrangement as the key step.
=536  \\$aSponsored by: AstraZeneca
=538  \\$aMode of access: World Wide Web.
=710  2\$aImperial College, London.
=852  4\$aBritish Library$bDSC$cDRT$j514564
=856  40$uhttp://hdl.handle.net/10044/1/5612
=859  \\$aXLD$bEThOS
=CAT  \\$aETHOSBKLG$b00$c20111010$lBLL01$h1535
=CAT  \\$aETHOSBKLG$c20111010$lBLL01$h1608
=CAT  \\$aETHOSBKLG$c20111010$lBLL01$h1631
=CAT  \\$aBATCH$b00$c20111010$lBLL01$h1823
=CAT  \\$aBATCH-UPD$b00$c20121030$lBLL01$h1022
=CAT  \\$aWR13.117$c20130727$lBLL01$h2009
=CAT  \\$aWR13.144/5$c20140418$lBLL01$h1028
=CAT  \\$aBATCH-ETHO$b00$c20140502$lBLL01$h0139
=CAT  \\$aBATCH-ETH8$c20170506$lBLL01$h1041
=DRT  \\$aETHOS
=FIN  \\$aY$d20111010
=FMT  \\$a  BK
=LAS  \\$aBATCH-ETH8$b00$c20170506$lBLL01$h1041
=SRC  \\$aEThOS$bethos_marc_111007.mrc
=STA  \\$aSUPPRESSED$bEThOS can't supply or embargoed

