=LDR  02813 am a22004817a 4500
=001  015924631
=003  Uk
=005  20111010153540.0
=006  m\\\\\\\\d\\\\\\\\
=007  cr\|||||||||||
=008  111010s2009\\\\xxk\\\\\sbm\\\000\0\eng\\
=040  \\$aUk$beng$cUk$dUk
=082  04$a547.6$223
=100  1\$aCalo, Frederick.
=245  10$aTotal synthesis of alkyl citrate and resorcylate natural products$h[electronic resource].
=260  \\$bImperial College, London,$c2009.
=300  \\$ap. :$bdigital, PDF file.
=336  \\$atext$2rdacontent
=337  \\$acomputer$2rdamedia
=338  \\$aonline resource$2rdacarrier
=502  \\$aThesis (Ph.D.)--Imperial College London (University of London), 2009.
=504  \\$aIncludes bibliographical references.
=520  3\$aThe total synthesis of citrafungin A (i),1 the determination of the absolutestereochemistry2 of CJ-13,981 (ii) and CJ-13,982 (iii) and the formal total synthesis of(?)-trachyspic acid, by making lactone iv,3 were achieved from a common intermediate (v).[Diagram omitted]Dioxolanone v was prepared on a multigram scale starting from commercially available4-benzyloxy-butyric acid using, as key steps, an enantioselective syn-aldol reaction of achiral oxazolidinone and a diastereoselective Seebach alkylation of a 1,3-dioxolan-2-one derivative.[Diagram omitted]From dioxolanone v, citrafungin A (i) was synthesised in 13 steps, CJ-13,981 (ii) and CJ-13,982 (iii) in 9 steps and the intermediate lactone (iv) for the formal synthesis of(?)-trachyspic acid in 5 steps. Based on our recent advances on resorcylates metabolites,4 we carried out the totalsynthesis of aigialomycin D (vi),5 a potent 14-membered resorcylic macrolide, without theneed for phenol protection, using the C-acylation of a keto-dioxinone dianion (or monoanion),a cascade sequence consisting of ketene generation, alcohol (vii) trapping andaromatization, and ring closing metathesis.
=538  \\$aMode of access: World Wide Web.
=710  2\$aImperial College, London.
=852  4\$aBritish Library$bDSC$cDRT$j514565
=856  40$uhttp://hdl.handle.net/10044/1/5613
=859  \\$aXLD$bEThOS
=CAT  \\$aETHOSBKLG$b00$c20111010$lBLL01$h1535
=CAT  \\$aETHOSBKLG$c20111010$lBLL01$h1608
=CAT  \\$aETHOSBKLG$c20111010$lBLL01$h1631
=CAT  \\$aBATCH$b00$c20111010$lBLL01$h1823
=CAT  \\$aBATCH-UPD$b00$c20121030$lBLL01$h1022
=CAT  \\$aWR13.117$c20130727$lBLL01$h2009
=CAT  \\$aWR13.144/5$c20140418$lBLL01$h1028
=CAT  \\$aBATCH-ETHO$b00$c20140502$lBLL01$h0139
=CAT  \\$aBATCH-ETH8$c20170506$lBLL01$h1041
=DRT  \\$aETHOS
=FIN  \\$aY$d20111010
=FMT  \\$a  BK
=LAS  \\$aBATCH-ETH8$b00$c20170506$lBLL01$h1041
=SRC  \\$aEThOS$bethos_marc_111007.mrc
=STA  \\$aSUPPRESSED$bEThOS can't supply or embargoed

