=LDR  04645 am a22004937a 4500
=001  015924632
=003  Uk
=005  20111010153540.0
=006  m\\\\\\\\d\\\\\\\\
=007  cr\|||||||||||
=008  111010s2010\\\\xxk\\\\\sbm\\\000\0\eng\\
=040  \\$aUk$beng$cUk
=082  04$a616.2$223
=100  1\$aChou, Pai-Chien.
=245  14$aThe effect of oxidative stress and glucocorticoids on TGF-β1 production in airway epithelial cells$h[electronic resource].
=260  \\$bImperial College, London,$c2010.
=300  \\$a205 p. :$bdigital, PDF file.
=336  \\$atext$2rdacontent
=337  \\$acomputer$2rdamedia
=338  \\$aonline resource$2rdacarrier
=502  \\$aThesis (Ph.D.)--Imperial College, London, 2010.
=504  \\$aIncludes bibliographical references.
=520  3\$aTransforming growth factor-β1 (TGF-β1) is implicated in inflammation and airway wall remodeling in inflammatory airway disease. Oxidative stress has also been implicated in the pathogenesis of inflammatory lung disorders. Reactive oxygen species (ROS), such as hydrogen peroxide (H₂O₂), in the airway may activate intracellular signalling cascades and transcription factors to exaggerate lung inflammation. The balance between nuclear histone acetylation/deacetylation has also been shown to be altered by oxidative stress and may further upregulate lung inflammation. The aim of this thesis was to determine whether ROS, alone or in combination with interleukin (IL)-1β can modulate TGF-β1 expression in lung epithelial cells and whether the effect was regulated by histone methylation. Stimulation of human airway epithelial cells (A549) with H₂O₂ or H₂O₂ plus IL-1β enhanced TGF-β1 mRNA and total protein expression. IL-1β and H₂O₂ together showed a greater than additive effect on TGF-β1 mRNA transcription, but not on the total protein level. The NF-[kappa]B-IKK2 inhibitor AS602868 suppressed IL-1β-and H₂O₂ plus IL-1β -induced TGF-β1 mRNA expression. NF-[Kappa]B p65 protein was also shown to be upregulated by IL-1β plus H₂O₂ stimulation. Chromatin immunoprecipitation (ChIP) experiments demonstrated that p65 was recruited to the [Kappa]B3 binding site on the native TGF-β1 promoter area. The upregulation of TGF-β1 mRNA by IL-β plus H₂O₂ could be suppressed by fluticasone propionate (FP) although to the same extent as seen with IL-1β-stimulated TGF-β1 mRNA expression. This suggests that H₂O₂ induced a relative steroid insensitivity. Both Suv39H1 protein level and mRNA expression were downregulated by IL-1β and H₂O₂ stimulation. Knockdown of Suv39H1 with siRNA transfection induced a trend towards increased TGF-β1 mRNA expression upon stimulation with IL-1β and H₂O₂. Suv39H1 was shown to be recruited to glucocorticoid receptor by co-immunoprecipitation. The anti-inflammatory effect of FP was impaired under Suv39H1 knockdown which indicate that Suv39H1 may act as a corepressor of GR function. DNA methylation is also involved in epigenetic regulation of gene expression. IL-1β and H₂O₂ stimulation rapidly upregulated CpG methylation at specific sites in the TGF-β1 promoter as demonstrated by direct sequencing after bisulphite treatment and by methylation-dependent immunoprecipitation study (MeDIP). Methylation at the ATG start induced by IL-1β was reversed over time indicating an active demethylation. These results indicate that H₂O₂, acting via the NF-[Kappa]B pathway, increases TGF-β1 mRNA production and that this is regulated by FP possibly through an effect on the histone methyltransferase, Suv39H1. DNA methylation is also involved in the regulation of IL-1β plus H₂O₂ induced TGF-β1 mRNA expression.
=536  \\$aSponsored by: Chang Gung Memorial Hospital
=538  \\$aMode of access: World Wide Web.
=710  2\$aImperial College, London.
=852  4\$aBritish Library$bDSC$cDRT$j514566
=856  40$uhttp://hdl.handle.net/10044/1/5614
=859  \\$aXLD$bEThOS
=CAT  \\$aETHOSBKLG$b00$c20111010$lBLL01$h1535
=CAT  \\$aETHOSBKLG$c20111010$lBLL01$h1608
=CAT  \\$aETHOSBKLG$c20111010$lBLL01$h1631
=CAT  \\$aBATCH$b00$c20111010$lBLL01$h1823
=CAT  \\$aBATCH-UPD$b00$c20121030$lBLL01$h1022
=CAT  \\$aWR13.117$c20130727$lBLL01$h2009
=CAT  \\$aWR13.144/5$c20140418$lBLL01$h1028
=CAT  \\$aBATCH-ETHO$b00$c20140502$lBLL01$h0139
=CAT  \\$aBATCH-ETH8$c20170506$lBLL01$h1041
=DRT  \\$aETHOS
=FIN  \\$aY$d20111010
=FMT  \\$a  BK
=LAS  \\$aBATCH-ETH8$b00$c20170506$lBLL01$h1041
=SRC  \\$aEThOS$bethos_marc_111007.mrc
=STA  \\$aSUPPRESSED$bEThOS can't supply or embargoed

