=LDR  04441 am a22004697a 4500
=001  015925565
=003  Uk
=005  20111010153550.0
=006  m\\\\\\\\d\\\\\\\\
=007  cr\|||||||||||
=008  101031s2010\\\\xxk\\\\\sbm\\\000\0\eng\\
=040  \\$aUk$beng$cUk
=082  04$a616.1$223
=100  1\$aGhimire, Gopal.
=245  12$aA study of the adaptive immune system in coronary thromboaspirate during human acute myocardial infarction$h[electronic resource].
=260  \\$bImperial College London,$c2010.
=300  \\$ap. :$bdigital, PDF file.
=336  \\$atext$2rdacontent
=337  \\$acomputer$2rdamedia
=338  \\$aonline resource$2rdacarrier
=502  \\$aThesis (M.D.)--Imperial College London, 2010.
=504  \\$aIncludes bibliographical references.
=520  3\$aIntroduction: This thesis aims to characterize the biology of solid and liquid phase coronary thromboaspirate obtained during therapeutic aspiration at primary angioplasty for ST elevation myocardial infarction (STEMI). Methods: We studied coronary thromboaspirate obtained from the coronary artery (CA) in STEMI and focussed on three lines of investigation: (i) Intracoronary solid phase thrombus was subjected to immunohistochemistry for characterization and quantification of the different leukocyte types and proteins involved in the thrombus. (ii) Resident cell populations in the liquid phase filtrate from the aspirate including platelets and leukocytes along with their subpopulations were analysed by flow cytometry for phenotypic and activation markers. Comparison was made with cells in the peripheral femoral artery (FA) blood. (iii) Paired plasma/serum from the CA filtrate and FA blood were analysed for the presence of autoreactive antibodies and cytotoxic potential. Results: (i) Leukocytes were heterogeneously distributed in the ex-vivo thrombus. The granulocyte population was predominant and strongly expressed CD11b and vimentin. (ii) The CA aspirate filtrate when compared to the paired FA blood contained significantly more leukocyte-platelet conjugates, more activated platelets, and more Vimentin. (iii) More of the CD⁴⁺ T cells in the CA than FA had lost the co-stimulatory molecule CD28 (p<0.00001) and they often expressed effector phenotype marker. (iv) Conversely, the immune-regulatory T cells expressing the FoxP3 were more attenuated in the CA than FA (p<0.00001). (v) Whilst IgG and IgM antivimentin antibody titres in the CA sera were consistently lower than the titres in FA sera (p<0.001), auto-reactive non-HLA IgM were more prevalent in CA sera. The CA sera had increased potential to induce apoptosis than FA sera when incubated with endothelial cells (p<0.001). Conclusions: (i) Aspirated intracoronary clot contained granulocytes as the predominant leukocyte component. This investigation of the immune system in the CA during AMI therefore moved on to the adaptive system in the coronary filtrate. (ii) Increased concentrations of pro-inflammatory immune cells and reduced concentrations of immune-modulating cells were observed in the aspirate from the culprit site of CA occlusion when compared with the FA. The presence of T memory cells implies that this subset may have been released from the ruptured coronary plaque and this phenotypic analysis may help clarify the role of the immune system in the pathogenesis of coronary plaque instability. (iii) The higher titres of auto-reactive IGM in the CA than FA sera have the potential to activate the complement system and may contribute to myocardial injury following therapeutic restoration of coronary flow in STEMI.
=538  \\$aMode of access: World Wide Web.
=710  2\$aImperial College, London.
=852  4\$aBritish Library$bDSC$cDRT$j515580
=856  40$uhttp://hdl.handle.net/10044/1/5618
=859  \\$aXLD$bEThOS
=CAT  \\$aETHOSBKLG$b00$c20111010$lBLL01$h1535
=CAT  \\$aETHOSBKLG$c20111010$lBLL01$h1608
=CAT  \\$aETHOSBKLG$c20111010$lBLL01$h1631
=CAT  \\$aBATCH$b00$c20111010$lBLL01$h1824
=CAT  \\$aBATCH-UPD$b00$c20121030$lBLL01$h1022
=CAT  \\$aWR13.117$c20130727$lBLL01$h2010
=CAT  \\$aWR13.144/5$c20140418$lBLL01$h1028
=CAT  \\$aBATCH-ETHO$b00$c20140502$lBLL01$h0139
=DRT  \\$aETHOS
=FIN  \\$aY$d20111010
=FMT  \\$a  BK
=LAS  \\$aBATCH-ETHO$b00$c20140502$lBLL01$h0139
=SRC  \\$aEThOS$bethos_marc_111007.mrc
=STA  \\$aSUPPRESSED$bEThOS can't supply or embargoed

