=LDR  04664 am a22004817a 4500
=001  015925581
=003  Uk
=005  20111010153550.0
=006  m\\\\\\\\d\\\\\\\\
=007  cr\|||||||||||
=008  101031s2010\\\\xxk\\\\\sbm\\\000\0\eng\\
=040  \\$aUk$beng$cUk
=082  04$a617$223
=100  1\$aLin, Chih Che.
=245  14$aThe role of donor versus recipient tissue factor in coagulopathy during pig-to-primate xenotransplantation$h[electronic resource].
=260  \\$bImperial College London,$c2010.
=300  \\$a280 p. :$bdigital, PDF file.
=336  \\$atext$2rdacontent
=337  \\$acomputer$2rdamedia
=338  \\$aonline resource$2rdacarrier
=502  \\$aThesis (Ph.D.)--Imperial College London, 2010.
=504  \\$aIncludes bibliographical references.
=520  3\$aThe increasing demand for organs has stimulated the necessity in xenotransplantion, which promises an unlimited supply of organs for clinical use. However, coagulopathy of xenografts remains a major hurdle to successful pig-to-primate xenotransplantation. The ability to generate pigs expressing a human complement-regulatory protein (hCRP) and/or pigs in which the α1,3-Galactosyltransferase gene has been knocked-out (GT-KO) has largely overcome the barrier of hyperacute rejection (HAR) of a pig organ transplanted into a primate. However, acute humoral xenograft rejection (AHXR), presenting as microvascular thrombosis with/without consumptive coagulopathy (CC), ensures and results in graft failure. The causes of coagulopathy were believed to be humoral response-dependent. Xenoreactive antibodies (Abs) and activation of complement provoke porcine endothelial cells (ECs) from an anticoagulant to a procoagulant phenotype. In this study, I demonstrated that recipient platelets and monocytes were activated to express tissue factor (TF), an initiator of the coagulation cascade, after incubation with porcine ECs through humoral immune response-independent process. These observations were mirrored in the animal studies. Kidneys or livers from GT-KO pigs that express a hCRP transplanted into non-human primates were not susceptible to HAR. Nevertheless, most recipients developed CC, even when the grafts were still functioning. Activation of graft ECs and the measurable immune response were minimal. TF expression on recipient platelets plays a pivotal role in initiating CC. Therefore, understanding the interactions between porcine ECs and primate platelets may be crucial to prevent coagulopathy. On the other hand, the generation of GT-KO pigs has directed interest to the role of anti-nonGal Abs in intravascular thrombosis. My study revealed that anti-nonGal Abs activated porcine ECs to express TF, independent of complement activation. I also demonstrated that anti-P-selectin and vWF Abs and some anti-platelet agents, such as clopidogrel and eptifibatide, prevented TF expression on platelets after incubation with porcine ECs. Porcine ECs from pigs that expressed tissue factor pathway inhibitor (TFPI) were resistant to the activation induced by primate serum even with high titre anti-nonGal Abs. Atorvastatin not only inhibited this activation of platelets but also prevented the activation of porcine ECs induced by primate serum. Coagulopathy is increasingly recognized as barriers to successful xenotransplantation, many mechanisms of which are not associated with humoral immune response. Further manipulation of the immune response alone, with the risk of inducing infection and other complications, does not appear likely to resolve the challenge of xenograft coagulopathy. My results provide evidence for further genetic manipulation or systemic pharmaceutical treatment to prevent coagupolpathy seen after pig-primate xenotransplantation.
=536  \\$aSponsored by: Chang-Gung Memorial Hospital, Taiwan
=538  \\$aMode of access: World Wide Web.
=710  2\$aImperial College, London.
=852  4\$aBritish Library$bDSC$cDRT$j515597
=856  40$uhttp://hdl.handle.net/10044/1/5620
=859  \\$aXLD$bEThOS
=CAT  \\$aETHOSBKLG$b00$c20111010$lBLL01$h1535
=CAT  \\$aETHOSBKLG$c20111010$lBLL01$h1608
=CAT  \\$aETHOSBKLG$c20111010$lBLL01$h1631
=CAT  \\$aBATCH$b00$c20111010$lBLL01$h1824
=CAT  \\$aBATCH-UPD$b00$c20121030$lBLL01$h1022
=CAT  \\$aWR13.117$c20130727$lBLL01$h2010
=CAT  \\$aWR13.144/5$c20140418$lBLL01$h1028
=CAT  \\$aBATCH-ETHO$b00$c20140502$lBLL01$h0139
=DRT  \\$aETHOS
=FIN  \\$aY$d20111010
=FMT  \\$a  BK
=LAS  \\$aBATCH-ETHO$b00$c20140502$lBLL01$h0139
=SRC  \\$aEThOS$bethos_marc_111007.mrc
=STA  \\$aSUPPRESSED$bEThOS can't supply or embargoed

