=LDR  03129 am a22004937a 4500
=001  015925592
=003  Uk
=005  20111010153550.0
=006  m\\\\\\\\d\\\\\\\\
=007  cr\|||||||||||
=008  111010s2009\\\\xxk\\\\\sbm\\\000\0\eng\\
=040  \\$aUk$beng$cUk$dUk
=082  04$a571.1$223
=100  1\$aLiu, Bing.
=245  10$aStructure, function and assembly of MIC2/M2AP complex from toxoplasma gondii$h[electronic resource].
=260  \\$bImperial College, London,$c2009.
=300  \\$ap. :$bdigital, PDF file.
=336  \\$atext$2rdacontent
=337  \\$acomputer$2rdamedia
=338  \\$aonline resource$2rdacarrier
=502  \\$aThesis (Ph.D.)--Imperial College London, 2009.
=504  \\$aIncludes bibliographical references.
=520  3\$aMicroneme proteins (MICs) belong to a protein family that is actively involved in theinvasion of host cells by apicomplexan parasites. Among these proteins, MIC2 is amember of the Thrombospondin-related anonymous (TRAP) family of adhesiveproteins, which are highly conserved within the apicomplexans. The othermicroneme protein M2AP, known to facilitate the transport of MIC2 through thesecretory network, is also essential to the virulence of the parasite. Most importantly,MIC2 and M2AP form a multimeric functional complex that presents in the cellinvasive stages and serves as the prototype of other TRAP family members. This thesis describes the NMR assignments and two solution structure calculations ofM2AP and a Thrombospondin type-1 repeats (TSR-1) domain. M2AP is composedexclusively of beta strands and, despite no sequence similarity, demonstrates clearstructural similarity to the galectin-like domain from MIC1. And TSR-1 repeats fromMIC2 demonstrate two typical TSR-like-fold domains. Interactional studies revealthat the M2AP binds both the first and the last pair of TSR-1 repeats of MIC2. Theresults on structure?function relationship of MIC2 and M2AP reinforce the criticalrole of TRAP protein in the successful invasion of cells by T. gondii and revealpotential therapeutic targets that may be used to control toxoplasmosis.
=536  \\$aSponsored by: University of Science and Technology of China ; Ministry of Education, China ; Ministry of Education, Singapore
=538  \\$aMode of access: World Wide Web.
=710  2\$aImperial College, London.
=852  4\$aBritish Library$bDSC$cDRT$j515610
=856  40$uhttp://hdl.handle.net/10044/1/5621
=859  \\$aXLD$bEThOS
=CAT  \\$aETHOSBKLG$b00$c20111010$lBLL01$h1535
=CAT  \\$aETHOSBKLG$c20111010$lBLL01$h1608
=CAT  \\$aETHOSBKLG$c20111010$lBLL01$h1631
=CAT  \\$aBATCH$b00$c20111010$lBLL01$h1824
=CAT  \\$aBATCH-UPD$b00$c20121030$lBLL01$h1022
=CAT  \\$aWR13.117$c20130727$lBLL01$h2010
=CAT  \\$aWR13.144/5$c20140418$lBLL01$h1028
=CAT  \\$aBATCH-ETHO$b00$c20140502$lBLL01$h0139
=CAT  \\$aBATCH-ETH8$c20170506$lBLL01$h1041
=DRT  \\$aETHOS
=FIN  \\$aY$d20111010
=FMT  \\$a  BK
=LAS  \\$aBATCH-ETH8$b00$c20170506$lBLL01$h1041
=SRC  \\$aEThOS$bethos_marc_111007.mrc
=STA  \\$aSUPPRESSED$bEThOS can't supply or embargoed

