=LDR  03733 am a22004937a 4500
=001  015925611
=003  Uk
=005  20111010153550.0
=006  m\\\\\\\\d\\\\\\\\
=007  cr\|||||||||||
=008  111010s2010\\\\xxk\\\\\sbm\\\000\0\eng\\
=040  \\$aUk$beng$cUk$dUk
=082  04$a669$223
=100  1\$aMottura, Alessandro.
=245  10$aAnalysis of atomic-scale phenomena and the rhenium effect in nickel superalloys$h[electronic resource].
=260  \\$bImperial College, London,$c2010.
=300  \\$ap. :$bdigital, PDF file.
=336  \\$atext$2rdacontent
=337  \\$acomputer$2rdamedia
=338  \\$aonline resource$2rdacarrier
=502  \\$aThesis (Ph.D.)--Imperial College London, 2010.
=504  \\$aIncludes bibliographical references.
=520  3\$aSince the 1980s, small additions of rhenium have been found to markedlyimprove the creep properties of nickel based superalloys. However, the underlyingcauses for this effect are not yet fully understood. In this work, avariety of experimental and modelling techniques have been used to evaluatepossible mechanisms improving creep properties at high temperature. Ab initio modelling (via the Density Functional Theory) has shown thatrhenium clusters are unstable in the nickel lattice. This observation wasconfirmed by Extended X-ray Absorption Fine Structure, which showedthat rhenium atoms are dispersed in the nickel lattice. Atom Probe Tomographyalso found no clusters in Ni-Re alloys and in CMSX-4, a commercialsingle-crystal superalloy. Atom Probe Tomography, in conjunction with Phase Field Modelling, wasalso used to show that the rhenium enrichment close to the [gamma]/[GAMMA] interfacesis formed upon cooling from service temperature. Thus means that therhenium enrichment observed with the atom probe does not play a role inthe strengthening effect played by rhenium. Finally, ab initio modelling(via the Density Functional Theory) was used to investigate the effect ofrhenium on the stacking fault energy of nickel to ascertain whether rheniumcontent could increase the spacing between Shockley partial dislocations. The present work shows that rhenium clustering, the rhenium enrichmentclose to the [gamma]/[GAMMA] interfaces and the rhenium effect on stacking fault energycannot be the mechanisms underlying the rhenium-effect in nickel basedsuperalloys. It therefore appears that single atoms of rhenium may slowdown dislocation motion in the [gamma] phase of nickel based superalloys. This issupported by the observation that rhenium is the slowest diffusing elementin nickel and it is therefore expected to slow down all diffusion activatedprocesses, such as the well-established climb-assisted glide of dislocationsin the [gamma] phase of nickel based superalloys.
=536  \\$aSponsored by: EPSRC ; U.S. Dept. of Energy. Scientific User Facilities Division
=538  \\$aMode of access: World Wide Web.
=710  2\$aImperial College, London.
=852  4\$aBritish Library$bDSC$cDRT$j515635
=856  40$uhttp://hdl.handle.net/10044/1/5622
=859  \\$aXLD$bEThOS
=CAT  \\$aETHOSBKLG$b00$c20111010$lBLL01$h1535
=CAT  \\$aETHOSBKLG$c20111010$lBLL01$h1608
=CAT  \\$aETHOSBKLG$c20111010$lBLL01$h1631
=CAT  \\$aBATCH$b00$c20111010$lBLL01$h1824
=CAT  \\$aBATCH-UPD$b00$c20121030$lBLL01$h1022
=CAT  \\$aWR13.117$c20130727$lBLL01$h2010
=CAT  \\$aWR13.144/5$c20140418$lBLL01$h1028
=CAT  \\$aBATCH-ETHO$b00$c20140502$lBLL01$h0139
=CAT  \\$aBATCH-ETH8$c20170506$lBLL01$h1041
=DRT  \\$aETHOS
=FIN  \\$aY$d20111010
=FMT  \\$a  BK
=LAS  \\$aBATCH-ETH8$b00$c20170506$lBLL01$h1041
=SRC  \\$aEThOS$bethos_marc_111007.mrc
=STA  \\$aSUPPRESSED$bEThOS can't supply or embargoed

