=LDR  03756 am a22004937a 4500
=001  015925613
=003  Uk
=005  20111010153550.0
=006  m\\\\\\\\d\\\\\\\\
=007  cr\|||||||||||
=008  111010s2010\\\\xxk\\\\\sbm\\\000\0\eng\\
=040  \\$aUk$beng$cUk$dUk
=082  04$a576.58$223
=100  1\$aGrieve, Ian C.
=245  10$aQuantitative trait analysis in a panel of recombinant inbred rat strains$h[electronic resource].
=260  \\$bImperial College, London,$c2010.
=300  \\$ap. :$bdigital, PDF file.
=336  \\$atext$2rdacontent
=337  \\$acomputer$2rdamedia
=338  \\$aonline resource$2rdacarrier
=502  \\$aThesis (Ph.D.)--Imperial College London, 2010.
=504  \\$aIncludes bibliographical references.
=520  3\$aExpression quantitative trait loci (eQTLs) are generated by the combined use of microarray technology to measure gene expression and genetic linkage analysis to map the expression traits to the genome. This thesis describes co-expression and quantitative trait transcript (QTT) analysis carried out on a dataset consisting of thousands of cis- and trans-eQTLs. These were mapped in 29 rat Recombinant Inbred strains derived from a cross between the Spontaneously Hypertensive Rat (SHR), a widely used model of the human metabolic syndrome, and the normotensive Brown Norway (BN). Gene expression data from four tissues relevant to the metabolic syndrome and cardiovascular disease were analysed: fat, kidney, adrenal gland and left ventricle. By systematically applying a rigorous statistical methodology to the eQTL dataset, a consistent, distinct correlation structure was observed. Co-expression of groups of transcripts linked to a common region of the genome, referred to as trans-eQTL clusters, was investigated. Some of these cluster-forming groups were found to remain significantly correlated after the effect of genotype was accounted for, and functionally enriched. An example of successful application of QTT analysis to the dataset is described. This contributed to the identification of Ogn as a regulator of left ventricular mass in rodents and subsequent implication of the homologue of Ogn in a related role in humans. Correlation of a further 103 physiological traits with cis-eQTLs in each of the four tissues was also carried out; analysis which potentially informs a wide range of hypotheses concerning relevant phenotypes. Together, the findings described here demonstrate the utility of a systematic computational approach using correlation-based methodologies in combination with appropriate statistical techniques to inform the genetic analysis of complex traits. These findings indicate the importance of understanding potential confounding factors in eQTL analysis, as well as the potential of the eQTL approach to stimulate gene discovery.
=536  \\$aSponsored by: Wellcome Trust
=538  \\$aMode of access: World Wide Web.
=710  2\$aImperial College, London.
=852  4\$aBritish Library$bDSC$cDRT$j515637
=856  40$uhttp://hdl.handle.net/10044/1/5617
=859  \\$aXLD$bEThOS
=CAT  \\$aETHOSBKLG$b00$c20111010$lBLL01$h1535
=CAT  \\$aETHOSBKLG$c20111010$lBLL01$h1608
=CAT  \\$aETHOSBKLG$c20111010$lBLL01$h1631
=CAT  \\$aBATCH$b00$c20111010$lBLL01$h1824
=CAT  \\$aBATCH-UPD$b00$c20121030$lBLL01$h1022
=CAT  \\$aWR13.117$c20130727$lBLL01$h2010
=CAT  \\$aWR13.144/5$c20140418$lBLL01$h1028
=CAT  \\$aBATCH-ETHO$b00$c20140502$lBLL01$h0139
=CAT  \\$aBATCH-ETH8$c20170506$lBLL01$h1041
=DRT  \\$aETHOS
=FIN  \\$aY$d20111010
=FMT  \\$a  BK
=LAS  \\$aBATCH-ETH8$b00$c20170506$lBLL01$h1041
=SRC  \\$aEThOS$bethos_marc_111007.mrc
=STA  \\$aSUPPRESSED$bEThOS can't supply or embargoed

