=LDR  04263 am a22004937a 4500
=001  015925618
=003  Uk
=005  20111010153550.0
=006  m\\\\\\\\d\\\\\\\\
=007  cr\|||||||||||
=008  111010s2010\\\\xxk\\\\\sbm\\\000\0\eng\\
=040  \\$aUk$beng$cUk$dUk
=082  04$a571.4$223
=100  1\$aRussell, Richard Anthony.
=245  10$aNew Tools for Quantitative Analysis of Nuclear Architecture$h[electronic resource].
=260  \\$bImperial College, London,$c2010.
=300  \\$ap. :$bdigital, PDF file.
=336  \\$atext$2rdacontent
=337  \\$acomputer$2rdamedia
=338  \\$aonline resource$2rdacarrier
=502  \\$aThesis (Ph.D.)--Imperial College London (University of London), 2010.
=504  \\$aIncludes bibliographical references.
=520  3\$aThe cell nucleus houses a wide variety of macromolecular substructures includingthe cell?s genetic material. The spatial configuration of these substructures isthought to be fundamentally associated with nuclear function, yet the architecturalorganisation of the cell nucleus is only poorly understood. Advances in microscopyand associated fluorescence techniques have provided a wealth of nuclear imagedata. Such images offer the opportunity for both visualising nuclear substructuresand quantitative investigation of the spatial configuration of these objects. In thisthesis, we present new tools to study and explore the subtle principles behind nucleararchitecture. We describe a novel method to segment fluorescent microscopy images of nuclearobjects. The effectiveness of this segmentation algorithm is demonstrated usingextensive simulation. Additionally, we show that the method performs as well asmanual-thresholding, which is considered the gold standard. Next, randomisationbasedtests from spatial point pattern analysis are employed to inspect spatial interactionsof nuclear substructures. The results suggest new and interesting spatialrelationships in the nucleus. However, this approach probes only relative nuclearorganisation and cannot readily yield a description of absolute spatial preference,which may be a key component of nuclear architecture. To address this problem we have developed methodology based on techniquesemployed in statistical shape analysis and image registration. The approach proposesthat the nuclear boundary can be used to align nuclei from replicate imagesinto a common coordinate system. Each nucleus and its contents can therefore beregistered to the sample mean shape using rigid and non-rigid deformations. Thisaggregated data allows inference regarding global nuclear spatial organisation. Forexample, the kernel smoothed intensity function is computed to return an estimateof the intensity function of the registered nuclear object. Simulation provides evidencethat the registration procedure is sensible and the results accurate. Finally, we have investigated a large database of nuclear substructures usingconventional methodology as well as our new tools. We have identified novel spatialrelationships between nuclear objects that offer significant clues to their function. We have also examined the absolute spatial configuration of these substructuresin registered data. The results reveal dramatic underlying spatial preferences andpresent new and clear insights into nuclear architecture.
=536  \\$aSponsored by: Medical Research Council
=538  \\$aMode of access: World Wide Web.
=710  2\$aImperial College, London.
=852  4\$aBritish Library$bDSC$cDRT$j515644
=856  40$uhttp://hdl.handle.net/10044/1/5624
=859  \\$aXLD$bEThOS
=CAT  \\$aETHOSBKLG$b00$c20111010$lBLL01$h1535
=CAT  \\$aETHOSBKLG$c20111010$lBLL01$h1608
=CAT  \\$aETHOSBKLG$c20111010$lBLL01$h1631
=CAT  \\$aBATCH$b00$c20111010$lBLL01$h1824
=CAT  \\$aBATCH-UPD$b00$c20121030$lBLL01$h1022
=CAT  \\$aWR13.117$c20130727$lBLL01$h2010
=CAT  \\$aWR13.144/5$c20140418$lBLL01$h1028
=CAT  \\$aBATCH-ETHO$b00$c20150802$lBLL01$h0151
=CAT  \\$aBATCH-ETH8$c20170506$lBLL01$h1041
=DRT  \\$aETHOS
=FIN  \\$aY$d20111010
=FMT  \\$a  BK
=LAS  \\$aBATCH-ETH8$b00$c20170506$lBLL01$h1041
=SRC  \\$aEThOS$bethos_marc_111007.mrc
=STA  \\$aSUPPRESSED$bEThOS can't supply or embargoed

