=LDR  03748 am a22004817a 4500
=001  015925619
=003  Uk
=005  20111010153550.0
=006  m\\\\\\\\d\\\\\\\\
=007  cr\|||||||||||
=008  111010s2010\\\\xxk\\\\\sbm\\\000\0\eng\\
=040  \\$aUk$beng$cUk$dUk
=082  04$a541.3$223
=100  1\$aShoaee, Safa.
=245  10$aCharge Photogeneration in Organic Donor/Acceptor Blends$h[electronic resource].
=260  \\$bImperial College, London,$c2010.
=300  \\$ap. :$bdigital, PDF file.
=336  \\$atext$2rdacontent
=337  \\$acomputer$2rdamedia
=338  \\$aonline resource$2rdacarrier
=502  \\$aThesis (Ph.D.)--Imperial College London (University of London), 2010.
=504  \\$aIncludes bibliographical references.
=520  3\$aPolymer-small molecule blend films are of increasing interest in the field of organic solarcells. This thesis employs transient absorption spectroscopy as a mean to study chargephotogeneration in these blend films. These studies allow identifying and addressing thecharge photogeneration efficiency-limiting processes in polymer:perylene diimide organicsolar cells. We approach the question by considering the influence of nanomorphology and phasesegregation on charge photogeneration and recombination dynamics. We further report onyield of charge separated species in polythiophene / perylene diimide blend films as afunction of electron acceptor?s energy levels. We find that, compared to polythiophene /PCBM blend films, charge photogeneration is significantly enhanced. Correlations betweenfree energy for charge dissociation and charge photogeneration yield within differentpolymer:acceptor series are observed and indicate the generality of this relationship. Furthermore, the energetic model proposed to account for these results is consistent with thewell-established Onsager and Marcus theories. It can therefore be concluded that the yield ofphotogenerated charges in polymer/acceptor systems is likely to be dependent upon theexcess vibrational energy of the bound radical pair, such that the key kinetic competition inthe photogeneration process is between vibrational relaxation and dissociation of this speciesSimultaneously, we investigate photoinduced charge separation in solid films of two perylenediimides and a donor-bridge-acceptor (D-B-A)molecule, exTTF-pcp-C60 relative to solution. First we find Intramolecular charge separation and recombination is correlated with areduction in the yield of long-lived, intermolecular charge-separated species in the perylenediimide dyad. In the D-B-A system we observe the exTTF-pcp-C60 motif in this case leads tomore charges than the reference compounds or a mixture of them but that the excited state ofthe electron acceptor, the fullerene, suffers from concentration self-quenching which severelyaffect the charge yield in solid films.
=538  \\$aMode of access: World Wide Web.
=710  2\$aImperial College, London.
=852  4\$aBritish Library$bDSC$cDRT$j515645
=856  40$uhttp://hdl.handle.net/10044/1/5625
=859  \\$aXLD$bEThOS
=CAT  \\$aETHOSBKLG$b00$c20111010$lBLL01$h1535
=CAT  \\$aETHOSBKLG$c20111010$lBLL01$h1608
=CAT  \\$aETHOSBKLG$c20111010$lBLL01$h1631
=CAT  \\$aBATCH$b00$c20111010$lBLL01$h1824
=CAT  \\$aBATCH-UPD$b00$c20121030$lBLL01$h1022
=CAT  \\$aWR13.117$c20130727$lBLL01$h2010
=CAT  \\$aWR13.144/5$c20140418$lBLL01$h1028
=CAT  \\$aBATCH-ETHO$b00$c20140502$lBLL01$h0139
=CAT  \\$aBATCH-ETH8$c20170506$lBLL01$h1041
=DRT  \\$aETHOS
=FIN  \\$aY$d20111010
=FMT  \\$a  BK
=LAS  \\$aBATCH-ETH8$b00$c20170506$lBLL01$h1041
=SRC  \\$aEThOS$bethos_marc_111007.mrc
=STA  \\$aSUPPRESSED$bEThOS can't supply or embargoed

