=LDR  03674 am a22004937a 4500
=001  015928926
=003  Uk
=005  20111010153626.0
=006  m\\\\\\\\d\\\\\\\\
=007  cr\|||||||||||
=008  111010s2010\\\\xxk\\\\\sbm\\\000\0\eng\\
=040  \\$aUk$beng$cUk$dUk
=082  04$a572.65$223
=100  1\$aCarmo, Catarina Ramos do.
=245  14$aThe role of JAKs and STATs in chemoresistance$h[electronic resource].
=260  \\$bImperial College, London,$c2010.
=300  \\$ap. :$bdigital, PDF file.
=336  \\$atext$2rdacontent
=337  \\$acomputer$2rdamedia
=338  \\$aonline resource$2rdacarrier
=502  \\$aThesis (Ph.D.)--Imperial College London, 2010.
=504  \\$aIncludes bibliographical references.
=520  3\$aJanus kinases (JAKs) and Signal Transducer and Activators of Transcription(STATs) are essential for signalling in response to the Interferons (IFNs) and mostcytokines. Aberrant activation of JAKs and/or STATs has been observed in many humancancer cells, and several recent studies have suggested that STAT3 oncogenic pathwaysare also associated with intrinsic drug resistance. Chemoresistance is a major cause of failure of cancer treatment. In lung cancercells chemoresistance can be mediated by Fibroblast Growth Factor 2 (FGF-2). In small celllung cancer (SCLC) cell lines FGF-2 induces the expression of anti-apoptotic proteins via aMEK-ERK-dependent mechanism, which involves the formation of a multi-proteincomplex constituted by B-RAF, PKC? and S6K2. We investigated the generality of thisphenomenon by analysing additional types of cells. Since there have been reportssuggesting that activation of JAKs and/or STATs can occur downstream of FGF-2 wehypothesised that JAKs and/or STATs may also play a role in FGF-2 mediatedchemoresistance pathway(s).In U2OS osteosarcoma cells, FGF-2 offers protection against cisplatin-induced celldeath. As with SCLC cells this involves B-RAF, PKC?, S6K2, MAPKs and, most notably,JAKs (JAK1, JAK2, or TYK2), but not the STATs. Whereas the non-small lung cancer cells(NSCLC) HCC95 respond to FGF-2, HCC78 do not. In neither case, however, did FGF-2mediate chemoresistance against cisplatin. Using RNA interference (RNAi), we have observed that ERK2 knockdown causeda concomitant reduction of STAT3 levels. The data suggest that ERK2, but not ERK1,levels can regulate STAT3 expression, and that ERK1 and ERK2 have non-overlappingfunctions. It also indicates that ERK2 protein levels can regulate STAT3, an importantsignal transducer and activator of transcription. The identification of a novel inter-play between the JAKs and MAPKs in thecontext of chemoresistance opens new avenues for treatment, which urgently warrantadditional studies.
=536  \\$aSponsored by: Cancer Treatment and Research Trust
=538  \\$aMode of access: World Wide Web.
=710  2\$aImperial College, London.
=852  4\$aBritish Library$bDSC$cDRT$j519271
=856  40$uhttp://hdl.handle.net/10044/1/5850
=859  \\$aXLD$bEThOS
=CAT  \\$aETHOSBKLG$b00$c20111010$lBLL01$h1536
=CAT  \\$aETHOSBKLG$c20111010$lBLL01$h1608
=CAT  \\$aETHOSBKLG$c20111010$lBLL01$h1632
=CAT  \\$aBATCH$b00$c20111010$lBLL01$h1825
=CAT  \\$aBATCH-UPD$b00$c20121030$lBLL01$h1022
=CAT  \\$aWR13.117$c20130727$lBLL01$h2011
=CAT  \\$aWR13.144/5$c20140418$lBLL01$h1029
=CAT  \\$aBATCH-ETHO$b00$c20150802$lBLL01$h0151
=CAT  \\$aBATCH-ETH8$c20170506$lBLL01$h1042
=DRT  \\$aETHOS
=FIN  \\$aY$d20111010
=FMT  \\$a  BK
=LAS  \\$aBATCH-ETH8$b00$c20170506$lBLL01$h1042
=SRC  \\$aEThOS$bethos_marc_111007.mrc
=STA  \\$aSUPPRESSED$bEThOS can't supply or embargoed

