=LDR  04018 am a22004817a 4500
=001  015928927
=003  Uk
=005  20111010153626.0
=006  m\\\\\\\\d\\\\\\\\
=007  cr\|||||||||||
=008  111010s2010\\\\xxk\\\\\sbm\\\000\0\eng\\
=040  \\$aUk$beng$cUk$dUk
=082  04$a621.382$223
=100  1\$aChaisinthop, Varit.
=245  10$aCentralized and distributed semi-parametric compression of piecewise smooth functions$h[electronic resource].
=260  \\$bImperial College, London,$c2010.
=300  \\$ap. :$bdigital, PDF file.
=336  \\$atext$2rdacontent
=337  \\$acomputer$2rdamedia
=338  \\$aonline resource$2rdacarrier
=502  \\$aThesis (Ph.D.)--Imperial College London, 2010.
=504  \\$aIncludes bibliographical references.
=520  3\$aThis thesis introduces novel wavelet-based semi-parametric centralized and distributedcompression methods for a class of piecewise smooth functions. Our proposed compression schemes are based on a non-conventional transform coding structure with simpleindependent encoders and a complex joint decoder. Current centralized state-of-the-art compression schemes are based on the conventional structure where an encoder is relatively complex and nonlinear. In addition, thesetting usually allows the encoder to observe the entire source. Recently, there has beenan increasing need for compression schemes where the encoder is lower in complexityand, instead, the decoder has to handle more computationally intensive tasks. Furthermore, the setup may involve multiple encoders, where each one can only partiallyobserve the source. Such scenario is often referred to as distributed source coding. In the first part, we focus on the dual situation of the centralized compression wherethe encoder is linear and the decoder is nonlinear. Our analysis is centered around aclass of 1-D piecewise smooth functions. We show that, by incorporating parametricestimation into the decoding procedure, it is possible to achieve the same distortion-rate performance as that of a conventional wavelet-based compression scheme. We alsopresent a new constructive approach to parametric estimation based on the samplingresults of signals with finite rate of innovation. The second part of the thesis focuses on the distributed compression scenario, whereeach independent encoder partially observes the 1-D piecewise smooth function. Wepropose a new wavelet-based distributed compression scheme that uses parametric estimation to perform joint decoding. Our distortion-rate analysis shows that it is possiblefor the proposed scheme to achieve that same compression performance as that of ajoint encoding scheme. Lastly, we apply the proposed theoretical framework in the context of distributedimage and video compression. We start by considering a simplified model of the videosignal and show that we can achieve distortion-rate performance close to that of a jointencoding scheme. We then present practical compression schemes for real world signals. Our simulations confirm the improvement in performance over classical schemes, bothin terms of the PSNR and the visual quality.
=538  \\$aMode of access: World Wide Web.
=710  2\$aImperial College, London.
=852  4\$aBritish Library$bDSC$cDRT$j519272
=856  40$uhttp://hdl.handle.net/10044/1/5851
=859  \\$aXLD$bEThOS
=CAT  \\$aETHOSBKLG$b00$c20111010$lBLL01$h1536
=CAT  \\$aETHOSBKLG$c20111010$lBLL01$h1608
=CAT  \\$aETHOSBKLG$c20111010$lBLL01$h1632
=CAT  \\$aBATCH$b00$c20111010$lBLL01$h1825
=CAT  \\$aBATCH-UPD$b00$c20121030$lBLL01$h1022
=CAT  \\$aWR13.117$c20130727$lBLL01$h2011
=CAT  \\$aWR13.144/5$c20140418$lBLL01$h1029
=CAT  \\$aBATCH-ETHO$b00$c20140502$lBLL01$h0140
=CAT  \\$aBATCH-ETH8$c20170506$lBLL01$h1042
=DRT  \\$aETHOS
=FIN  \\$aY$d20111010
=FMT  \\$a  BK
=LAS  \\$aBATCH-ETH8$b00$c20170506$lBLL01$h1042
=SRC  \\$aEThOS$bethos_marc_111007.mrc
=STA  \\$aSUPPRESSED$bEThOS can't supply or embargoed

