=LDR  03786 am a22004697a 4500
=001  015928928
=003  Uk
=005  20111010153626.0
=006  m\\\\\\\\d\\\\\\\\
=007  cr\|||||||||||
=008  101031s2010\\\\xxk\\\\\sbm\\\000\0\eng\\
=040  \\$aUk$beng$cUk
=082  04$a615.1$223
=100  1\$aChan, Hugh Hiu-Nam.
=245  10$aNeuroprotective effects and mechanisms of the activation of group III metabotropic glutamate receptor in rodent models of Parkinson's Disease$h[electronic resource].
=260  \\$bImperial College London,$c2010.
=300  \\$ap. :$bdigital, PDF file.
=336  \\$atext$2rdacontent
=337  \\$acomputer$2rdamedia
=338  \\$aonline resource$2rdacarrier
=502  \\$aThesis (Ph.D.)--Imperial College London, 2010.
=504  \\$aIncludes bibliographical references.
=520  3\$aCurrent therapy for PD is focused on dopamine replacement by the use of L-DOPA anddopamine agonists, which relieve the Parkinsonian motor symptoms led by the degeneration of dopaminergic neurons in the substantia nigra par compacta (SNc). However, the long-term use of these agents could induce side effects and fail to slow down the progression of the nigral dopaminergic neuronal loss. Thus, there is an increasing demand for neuroprotective agents that can relieve the symptoms and alter the dopaminergic neuronal death in PD. Excitotoxicity, due to the excessive glutamate release from subthalamic nucleus (STN) to the SNc, could jeopardize the neurodegeneration in the SNc. Thus, the modulation of the glutamate could prevent the cellular loss in PD SNc. Accordingly, the selective ligands acting on metabotropic glutamate receptors (mGluRs) were proved to be anti-Parkinsonian in PD models. Furthermore, the group III mGluR agonist, L-(+)-2-amino-4-phosphonobutyric acid(L-AP4), was proved to be neuroprotective in the 6-OHDA PD model. In this study, therefore, the subtypes of group III mGluRs, such as mGluR4, 6, 7 and 8, was examined in order to provide a more specific neuroprotection. Thus, N-phenyl-7-(hydroxyimino)cyclopropa[b]chromen-1a-carboxamide (PHCCC) and(S)-3,4-dicarboxyphenylglycine ((S)-DCPG) were utilized for the activation of mGluR4 and 8 respectively which are expressed prevalently in basal ganglia. Herein, the concentration-dependent and receptor mediated neuroprotection of PHCCC and(S)-DCPG against 6-OHDA toxicity in rodent model of PD were demonstrated. Furthermore, PHCCC and (S)-DCPG are neuroprotective when administered to animals systemically. Moreover, the neuroprotective potential of PHCCC and (S)-DCPG were putatively demonstrated in another PD model of lactacystin, an ubiquitin-proteasome inhibitor. In this study, we also reported the effect of PHCCC and (S)-DCPG on the glial cells involved in the PD models, elucidating the underlying neuroprotective mechanism of these ligands. Thus, mGluR4 and 8 may be a promising therapeutic target for further pharmacological development.
=538  \\$aMode of access: World Wide Web.
=710  2\$aImperial College, London.
=852  4\$aBritish Library$bDSC$cDRT$j519273
=856  40$uhttp://hdl.handle.net/10044/1/5852
=859  \\$aXLD$bEThOS
=CAT  \\$aETHOSBKLG$b00$c20111010$lBLL01$h1536
=CAT  \\$aETHOSBKLG$c20111010$lBLL01$h1608
=CAT  \\$aETHOSBKLG$c20111010$lBLL01$h1632
=CAT  \\$aBATCH$b00$c20111010$lBLL01$h1825
=CAT  \\$aBATCH-UPD$b00$c20121030$lBLL01$h1022
=CAT  \\$aWR13.117$c20130727$lBLL01$h2011
=CAT  \\$aWR13.144/5$c20140418$lBLL01$h1029
=CAT  \\$aBATCH-ETHO$b00$c20140502$lBLL01$h0140
=DRT  \\$aETHOS
=FIN  \\$aY$d20111010
=FMT  \\$a  BK
=LAS  \\$aBATCH-ETHO$b00$c20140502$lBLL01$h0140
=SRC  \\$aEThOS$bethos_marc_111007.mrc
=STA  \\$aSUPPRESSED$bEThOS can't supply or embargoed

