=LDR  03543 am a22004937a 4500
=001  015928929
=003  Uk
=005  20111010153626.0
=006  m\\\\\\\\d\\\\\\\\
=007  cr\|||||||||||
=008  111010s2010\\\\xxk\\\\\sbm\\\000\0\eng\\
=040  \\$aUk$beng$cUk$dUk
=082  04$a621.48$223
=100  1\$aChatzikyriakou, Despoina.
=245  10$aTransient surface cooling by non-contacting droplet impingement$h[electronic resource].
=260  \\$bImperial College, London,$c2010.
=300  \\$ap. :$bdigital, PDF file.
=336  \\$atext$2rdacontent
=337  \\$acomputer$2rdamedia
=338  \\$aonline resource$2rdacarrier
=502  \\$aThesis (Ph.D.)--Imperial College London, 2010.
=504  \\$aIncludes bibliographical references.
=520  3\$aFollowing a large loss of coolant accident in a PWR, cooling is performed bysuperheated vapour with entrained droplets, which bounce from the hot metal withoutwetting it. This thesis describes experimental and modelling studies aimed at theevaluation of the direct cooling by these droplets. Droplet diameters are less than2 mm, they spend ~15 ms near the surface, extract ~1/5 J, cooling the metal by ~50 oCwith heat fluxes of the order of MW/m2. An interface-tracking CFD code was used tomodel the droplet approach, the generation of vapour from its underside and itsrebound or break-up, and to compute the transient cooling of the hot metal below thedroplet. Validation of this model requires measurements of the heat transfer. A novelmethod to measure the transient surface temperature beneath the droplet is reported,using transient high resolution infra-red spectroscopy. Spatial and temporalresolutions of ~100.?m and ~4ms respectively are achieved, observing an opaquemetallic layer from beneath through an infrared-transparent substrate. Post-processingvia transient finite elements permits all thermal quantities (heat flux, energy, etc) to bedetermined. Associated simultaneous high speed optical recording of the dropletmotion and deformation provided data for validation of the hydrodynamic aspect ofthe prediction. It is estimated that these methods allow the heat extracted by (forexample) a 1.5 mm droplet during the 10 ms it spends in the vicinity of the hot surfaceto be obtained with an uncertainty of 15%. This heat extracted is approximately0.19 J, associated with a transient temperature reduction of ~47 oC, and is removed bya heat flux peaking at 3.5 MW/m2. Encouraging agreement was obtained betweenthese measurements and the computational simulations. For this same case, the CFDanalyses predict 0.12 J and a peak heat flux of 5 MW/m2.
=536  \\$aSponsored by: EPSRC
=538  \\$aMode of access: World Wide Web.
=710  2\$aImperial College, London.
=852  4\$aBritish Library$bDSC$cDRT$j519274
=856  40$uhttp://hdl.handle.net/10044/1/5853
=859  \\$aXLD$bEThOS
=CAT  \\$aETHOSBKLG$b00$c20111010$lBLL01$h1536
=CAT  \\$aETHOSBKLG$c20111010$lBLL01$h1608
=CAT  \\$aETHOSBKLG$c20111010$lBLL01$h1632
=CAT  \\$aBATCH$b00$c20111010$lBLL01$h1825
=CAT  \\$aBATCH-UPD$b00$c20121030$lBLL01$h1022
=CAT  \\$aWR13.117$c20130727$lBLL01$h2011
=CAT  \\$aWR13.144/5$c20140418$lBLL01$h1029
=CAT  \\$aBATCH-ETHO$b00$c20140502$lBLL01$h0140
=CAT  \\$aBATCH-ETH8$c20170506$lBLL01$h1042
=DRT  \\$aETHOS
=FIN  \\$aY$d20111010
=FMT  \\$a  BK
=LAS  \\$aBATCH-ETH8$b00$c20170506$lBLL01$h1042
=SRC  \\$aEThOS$bethos_marc_111007.mrc
=STA  \\$aSUPPRESSED$bEThOS can't supply or embargoed

