=LDR  04417 am a22004937a 4500
=001  015928930
=003  Uk
=005  20111010153626.0
=006  m\\\\\\\\d\\\\\\\\
=007  cr\|||||||||||
=008  111010s2010\\\\xxk\\\\\sbm\\\000\0\eng\\
=040  \\$aUk$beng$cUk$dUk
=082  04$a005.3$223
=100  1\$aCornwall, Jay L. T.
=245  12$aA metadata-enhanced framework for high performance visual effects$h[electronic resource].
=260  \\$bImperial College, London,$c2010.
=300  \\$ap. :$bdigital, PDF file.
=336  \\$atext$2rdacontent
=337  \\$acomputer$2rdamedia
=338  \\$aonline resource$2rdacarrier
=502  \\$aThesis (Ph.D.)--Imperial College London (University of London), 2010.
=504  \\$aIncludes bibliographical references.
=520  3\$aThis thesis is devoted to reducing the interactive latency of image processing computations invisual effects. Film and television graphic artists depend upon low-latency feedback to receivea visual response to changes in effect parameters. We tackle latency with a domain-specific optimisingcompiler which leverages high-level program metadata to guide key computational andmemory hierarchy optimisations. This metadata encodes static and dynamic information aboutdata dependence and patterns of memory access in the algorithms constituting a visual effect ?features that are typically difficult to extract through program analysis ? and presents it to thecompiler in an explicit form. By using domain-specific information as a substitute for programanalysis, our compiler is able to target a set of complex source-level optimisations that a vendorcompiler does not attempt, before passing the optimised source to the vendor compiler forlower-level optimisation. Three key metadata-supported optimisations are presented. The first is an adaptation ofspace and schedule optimisation ? based upon well-known compositions of the loop fusion andarray contraction transformations ? to the dynamic working sets and schedules of a runtimeparameterisedvisual effect. This adaptation sidesteps the costly solution of runtime code generationby specialising static parameters in an offline process and exploiting dynamic metadata toadapt the schedule and contracted working sets at runtime to user-tunable parameters. The secondoptimisation comprises a set of transformations to generate SIMD ISA-augmented source code. Our approach differs from autovectorisation by using static metadata to identify parallelism, inplace of data dependence analysis, and runtime metadata to tune the data layout to user-tunableparameters for optimal aligned memory access. The third optimisation comprises a related setof transformations to generate code for SIMT architectures, such as GPUs. Static dependencemetadata is exploited to guide large-scale parallelisation for tens of thousands of in-flight threads. Optimal use of the alignment-sensitive, explicitly managed memory hierarchy is achieved by identifyinginter-thread and intra-core data sharing opportunities in memory access metadata. A detailed performance analysis of these optimisations is presented for two industrially developedvisual effects. In our evaluation we demonstrate up to 8.1x speed-ups on Intel and AMDmulticore CPUs and up to 6.6x speed-ups on NVIDIA GPUs over our best hand-written implementationsof these two effects. Programmability is enhanced by automating the generation ofSIMD and SIMT implementations from a single programmer-managed scalar representation.
=536  \\$aSponsored by: EPSRC
=538  \\$aMode of access: World Wide Web.
=710  2\$aImperial College, London.
=852  4\$aBritish Library$bDSC$cDRT$j519275
=856  40$uhttp://hdl.handle.net/10044/1/5854
=859  \\$aXLD$bEThOS
=CAT  \\$aETHOSBKLG$b00$c20111010$lBLL01$h1536
=CAT  \\$aETHOSBKLG$c20111010$lBLL01$h1608
=CAT  \\$aETHOSBKLG$c20111010$lBLL01$h1632
=CAT  \\$aBATCH$b00$c20111010$lBLL01$h1825
=CAT  \\$aBATCH-UPD$b00$c20121030$lBLL01$h1022
=CAT  \\$aWR13.117$c20130727$lBLL01$h2011
=CAT  \\$aWR13.144/5$c20140418$lBLL01$h1029
=CAT  \\$aBATCH-ETHO$b00$c20140502$lBLL01$h0140
=CAT  \\$aBATCH-ETH8$c20170506$lBLL01$h1042
=DRT  \\$aETHOS
=FIN  \\$aY$d20111010
=FMT  \\$a  BK
=LAS  \\$aBATCH-ETH8$b00$c20170506$lBLL01$h1042
=SRC  \\$aEThOS$bethos_marc_111007.mrc
=STA  \\$aSUPPRESSED$bEThOS can't supply or embargoed

