=LDR  03500 am a22004817a 4500
=001  015928931
=003  Uk
=005  20111010153626.0
=006  m\\\\\\\\d\\\\\\\\
=007  cr\|||||||||||
=008  111010s2010\\\\xxk\\\\\sbm\\\000\0\eng\\
=040  \\$aUk$beng$cUk$dUk
=082  04$a530.15$223
=100  1\$aDallas, Vassilios.
=245  10$aMultiscale structure of turbulent channel flow and polymer, dynamics in viscoelastic turbulence$h[electronic resource].
=260  \\$bImperial College, London,$c2010.
=300  \\$ap. :$bdigital, PDF file.
=336  \\$atext$2rdacontent
=337  \\$acomputer$2rdamedia
=338  \\$aonline resource$2rdacarrier
=502  \\$aThesis (Ph.D.)--Imperial College London, 2010.
=504  \\$aIncludes bibliographical references.
=520  3\$aThis thesis focuses on two important issues in turbulence theory of wall-boundedflows. One is the recent debate on the form of the mean velocity profile (is it alog-law or a power-law with very weak power exponent?) and on its scalings withReynolds number. In particular, this study relates the mean flow profile of theturbulent channel flow with the underlying topological structure of the fluctuatingvelocity field through the concept of critical points, a dynamical systems concept thatis a natural way to quantify the multiscale structure of turbulence. This connectiongives a new phenomenological picture of wall-bounded turbulence in terms of thetopology of the flow. This theory validated against existing data, indicates thatthe issue on the form of the mean velocity profile at the asymptotic limit of infiniteReynolds number could be resolved by understanding the scaling of turbulent kineticenergy with Reynolds number. The other major issue addressed here is on the fundamental mechanism(s) ofviscoelastic turbulence that lead to the polymer-induced turbulent drag reductionphenomenon and its dynamical aspects. A great challenge in this problem is the computationof viscoelastic turbulent flows, since the understanding of polymer physics isrestricted to mechanical models. An effective numerical method to solve the governingequation for polymers modelled as nonlinear springs, without using any artificialassumptions as usual, was implemented here for the first time on a three-dimensionalchannel flow geometry. The superiority of this algorithm is depicted on the results,which are much closer to experimental observations. This allowed a more detailedstudy of the polymer-turbulence dynamical interactions, which yields a clearer pictureon a mechanism that is governed by the polymer-turbulence energy transfers.
=538  \\$aMode of access: World Wide Web.
=710  2\$aImperial College, London.
=852  4\$aBritish Library$bDSC$cDRT$j519276
=856  40$uhttp://hdl.handle.net/10044/1/5855
=859  \\$aXLD$bEThOS
=CAT  \\$aETHOSBKLG$b00$c20111010$lBLL01$h1536
=CAT  \\$aETHOSBKLG$c20111010$lBLL01$h1608
=CAT  \\$aETHOSBKLG$c20111010$lBLL01$h1632
=CAT  \\$aBATCH$b00$c20111010$lBLL01$h1825
=CAT  \\$aBATCH-UPD$b00$c20121030$lBLL01$h1022
=CAT  \\$aWR13.117$c20130727$lBLL01$h2011
=CAT  \\$aWR13.144/5$c20140418$lBLL01$h1029
=CAT  \\$aBATCH-ETHO$b00$c20140502$lBLL01$h0140
=CAT  \\$aBATCH-ETH8$c20170506$lBLL01$h1042
=DRT  \\$aETHOS
=FIN  \\$aY$d20111010
=FMT  \\$a  BK
=LAS  \\$aBATCH-ETH8$b00$c20170506$lBLL01$h1042
=SRC  \\$aEThOS$bethos_marc_111007.mrc
=STA  \\$aSUPPRESSED$bEThOS can't supply or embargoed

