=LDR  04882 am a22004937a 4500
=001  015928932
=003  Uk
=005  20111010153626.0
=006  m\\\\\\\\d\\\\\\\\
=007  cr\|||||||||||
=008  111010s2010\\\\xxk\\\\\sbm\\\000\0\eng\\
=040  \\$aUk$beng$cUk
=082  04$a616.994$223
=100  1\$aDhillon, Perminder Tony Singh.
=245  10$aDefining the clinical role of the mammalian target of rapamycin (mTOR) in lung cancer$h[electronic resource].
=260  \\$bImperial College, London,$c2010.
=300  \\$ap. :$bdigital, PDF file.
=336  \\$atext$2rdacontent
=337  \\$acomputer$2rdamedia
=338  \\$aonline resource$2rdacarrier
=502  \\$aThesis (Ph.D.)--Imperial College, London, 2010.
=504  \\$aIncludes bibliographical references.
=520  3\$aLung cancer is the biggest cancer killer. Most patients present with advanced disease. These diseases are not amenable to surgery which currently provides the best chance of cure. New treatment approaches are urgently needed, and these will come from a greater understanding of the disease biology. Our group has identified growth factor signaling molecules, downstream of growth factor receptors, which are overexpressed in all SCLC tumours examined compared to lung epithelial cells. These include the growth controlling kinase the mammalian target of rapamycin (mTOR). Here the importance of mTOR in lung cancer was examined. We examined the expression of mTOR in NSCLC and SCLC patients. We demonstrated that total mTOR was overexpressed in early stage NSCLC patients and in SCLC patients. More specifically mTOR predicts poor outcome in early stage NSCLC patients. It appears to identify poor outcome in lymph node negative and stage IA patients where previously other markers have failed to consistently yield prognostic benefit. This information may help identify those at high risk of relapse. We demonstrate that using total protein immunohistochemistry may be more useful than using phospho-protein expression in assessing the contribution of a signaling protein to cancer biology in patient specimens. We show that in cell lines, formalin fixed cell line and in tumour biopsies phospho-mTOR signals varies in intensity with time from removing from media/blood supply. We suggest that no conclusions can be drawn from commonly used phospho-protein immunohistochemical studies and total protein studies may be more reliable. Previously our laboratory has shown that high concentrations of rapamycin, an mTOR inhibitor, block MEK/ERK signaling which is necessary for pro-survival/chemoresistance effects induced by FGF-2 in SCLC cells. We demonstrate that this phenomenon is also observed with the clinically relevant mTOR inhibitor- RAD001 and other growth factors/chemicals in other SCLC cell lines, but not in NSCLC cell lines. It is therefore possible that high concentrations of RAD001 might help to reduce FGF-2-induced chemoresistance in SCLC. Moreover, by impairing growth factor induced ERK signaling; RAD001 has an additional mechanism of blocking growth factor induced proliferation. This could be a potentially novel therapeutic method. We investigated the mechanism of how mTOR mediates the ability of high concentrations of rapalogues to suppress MEK/ERK signaling and FGF-2 triggered chemoresistance. Using siRNAi and a PP2A inhibitor to various components of the pathways involved, we have found that neither FKBP12 nor mTOR is directly involved whilst the phosphatase PP2A may aid the mTOR regulation of MEK/ERK signaling. We established, using combination analysis, that the H69 SCLC cell line is more sensitive to combined mTOR inhibitor/cytotoxic chemotherapy killing compared to the H510 SCLC cell line and the order of drug exposure may not be important. Collectively, our results show that mTOR is important in NSCLC as well as SCLC biology providing a possible biomarker for poor outcome and a suitable target for new therapies such as RAD001.
=536  \\$aSponsored by: CR-UK
=538  \\$aMode of access: World Wide Web.
=710  2\$aImperial College, London.
=852  4\$aBritish Library$bDSC$cDRT$j519277
=856  40$uhttp://hdl.handle.net/10044/1/5856
=859  \\$aXLD$bEThOS
=CAT  \\$aETHOSBKLG$b00$c20111010$lBLL01$h1536
=CAT  \\$aETHOSBKLG$c20111010$lBLL01$h1608
=CAT  \\$aETHOSBKLG$c20111010$lBLL01$h1632
=CAT  \\$aBATCH$b00$c20111010$lBLL01$h1825
=CAT  \\$aBATCH-UPD$b00$c20121030$lBLL01$h1022
=CAT  \\$aWR13.117$c20130727$lBLL01$h2011
=CAT  \\$aWR13.144/5$c20140418$lBLL01$h1029
=CAT  \\$aBATCH-ETHO$b00$c20140502$lBLL01$h0140
=CAT  \\$aBATCH-ETH8$c20170506$lBLL01$h1042
=DRT  \\$aETHOS
=FIN  \\$aY$d20111010
=FMT  \\$a  BK
=LAS  \\$aBATCH-ETH8$b00$c20170506$lBLL01$h1042
=SRC  \\$aEThOS$bethos_marc_111007.mrc
=STA  \\$aSUPPRESSED$bEThOS can't supply or embargoed

