=LDR  03065 am a22004817a 4500
=001  015928933
=003  Uk
=005  20111010153626.0
=006  m\\\\\\\\d\\\\\\\\
=007  cr\|||||||||||
=008  111010s2010\\\\xxk\\\\\sbm\\\000\0\eng\\
=040  \\$aUk$beng$cUk$dUk
=082  04$a571.4$223
=100  1\$aGhadiali, James Eric.
=245  10$aBio-functionalised nanoparticles for enzyme sensing$h[electronic resource].
=260  \\$bImperial College, London,$c2010.
=300  \\$ap. :$bdigital, PDF file.
=336  \\$atext$2rdacontent
=337  \\$acomputer$2rdamedia
=338  \\$aonline resource$2rdacarrier
=502  \\$aThesis (Ph.D.)--Imperial College London (University of London), 2010.
=504  \\$aIncludes bibliographical references.
=520  3\$aInorganic nanoparticles and their accompanying diverse physical properties are now virtually inroutine use as imaging tools in cell-biology. In addition to serving as excellent contrast agents,their size- and environment-dependent optical and magnetic properties can be harnessed tocreate enzyme biosensor devices of extremely high sensitivity, whilst circumventing the numeroustechnical limitations associated with traditional enzyme assays. This thesis explores new applications of noble metal and semiconductor nanoparticles (quantumdots) for the detection of a range of medically-relevant enzymes. Here, water soluble colloidalgold nanoparticles and quantum dots are modified with peptides and antibodies to affordnew reagents for enzyme sensing. These bio-functionalised nanoparticle probes exhibit numerousadvantages over traditional enzyme sensing systems owing to their robust and size-tuneableoptical properties. These enzyme-responsive nanoparticle systems are tailored to detect the activity of proteinkinase and histone acetyltransferase activity in a simple homogeneous assay format based onF?rster resonance energy transfer (FRET). Furthermore, these systems can be applied to screenfor putative small-molecule modulators of enzyme function. These new assays should provide thebasis for the development of a variety of new enzyme detection strategies based on nanoparticlespecific optical phenomena.
=538  \\$aMode of access: World Wide Web.
=710  2\$aImperial College, London.
=852  4\$aBritish Library$bDSC$cDRT$j519278
=856  40$uhttp://hdl.handle.net/10044/1/5857
=859  \\$aXLD$bEThOS
=CAT  \\$aETHOSBKLG$b00$c20111010$lBLL01$h1536
=CAT  \\$aETHOSBKLG$c20111010$lBLL01$h1608
=CAT  \\$aETHOSBKLG$c20111010$lBLL01$h1632
=CAT  \\$aBATCH$b00$c20111010$lBLL01$h1825
=CAT  \\$aBATCH-UPD$b00$c20121030$lBLL01$h1022
=CAT  \\$aWR13.117$c20130727$lBLL01$h2011
=CAT  \\$aWR13.144/5$c20140418$lBLL01$h1029
=CAT  \\$aBATCH-ETHO$b00$c20140502$lBLL01$h0140
=CAT  \\$aBATCH-ETH8$c20170506$lBLL01$h1042
=DRT  \\$aETHOS
=FIN  \\$aY$d20111010
=FMT  \\$a  BK
=LAS  \\$aBATCH-ETH8$b00$c20170506$lBLL01$h1042
=SRC  \\$aEThOS$bethos_marc_111007.mrc
=STA  \\$aSUPPRESSED$bEThOS can't supply or embargoed

