=LDR  03910 am a22004937a 4500
=001  015928934
=003  Uk
=005  20111010153626.0
=006  m\\\\\\\\d\\\\\\\\
=007  cr\|||||||||||
=008  111010s2010\\\\xxk\\\\\sbm\\\000\0\eng\\
=040  \\$aUk$beng$cUk$dUk
=082  04$a550$223
=100  1\$aHaselwimmer, Christian E.
=245  10$aLithological mapping on the Antarctic Peninsula using advanced spaceborne thermal emission and reflection radiometer (ASTER) data$h[electronic resource].
=260  \\$bImperial College, London,$c2010.
=300  \\$ap. :$bdigital, PDF file.
=336  \\$atext$2rdacontent
=337  \\$acomputer$2rdamedia
=338  \\$aonline resource$2rdacarrier
=502  \\$aThesis (Ph.D.)--Imperial College London, 2010.
=504  \\$aIncludes bibliographical references.
=520  3\$aThe Antarctic Peninsula is larger than the UK and with limited geologicalmapping campaigns since the 1940s significant gaps in coverage remain, particularlyin areas where access is difficult. Remote sensing offers potentialfor improving geological mapping on the peninsula but has not been used forthese purposes. This thesis describes the use of Advanced Spaceborne ThermalEmission and Reflection Radiometer (ASTER) data for lithological mapping ofpredominantly calc-alkaline subduction-related igneous rocks on the AntarcticPeninsula. The research encompassed lithological mapping of four study areasselected to provide an appropriate test of the potential of ASTER. Processingof ASTER reflectance and thermal emission data used spectral enhancementprocedures and the matched filter (MF) spectral mapping method. This wassupported by reflectance spectroscopy of rock samples, Hyperion data, thinsection petrography, geochemical data for acid volcanic rocks, and fieldworkon Adelaide Island. The research shows although outcrop is limited in thepolar context, weathering effects and vegetation cover do not cause significant problems. ASTER provides a range of lithologic information enablingvalidation of inferred field mapping and new observations of unmapped geologyin the study areas. Granitoids and silicic volcanic rocks display distinctivespectral properties and are newly identified from unmapped parts ofthe Oscar II, Foyn, and Lassiter coasts. Areas of localised alteration in theserocks are readily discriminated based on the distinctive absorption featuresof the alteration mineral assemblages. ASTER is less successful at discriminatingintermediate-mafic igneous, sedimentary and metamorphic lithologiesthat display more ambiguous spectral features. For these rocks lithologicalmapping is strongly reliant on existing field observations to resolve ambigiousresults. The research shows that although ASTER is limited in its ability touniquely discriminate different rock types it can provide important lithologicalinformation in support of geological mapping on the Antarctic Peninsula.
=536  \\$aSponsored by: NERC ; Antarctic Funding Initiaitive (AFI) Collaborative Gearing Scheme
=538  \\$aMode of access: World Wide Web.
=710  2\$aImperial College, London.
=852  4\$aBritish Library$bDSC$cDRT$j519279
=856  40$uhttp://hdl.handle.net/10044/1/5858
=859  \\$aXLD$bEThOS
=CAT  \\$aETHOSBKLG$b00$c20111010$lBLL01$h1536
=CAT  \\$aETHOSBKLG$c20111010$lBLL01$h1608
=CAT  \\$aETHOSBKLG$c20111010$lBLL01$h1632
=CAT  \\$aBATCH$b00$c20111010$lBLL01$h1825
=CAT  \\$aBATCH-UPD$b00$c20121030$lBLL01$h1022
=CAT  \\$aWR13.117$c20130727$lBLL01$h2011
=CAT  \\$aWR13.144/5$c20140418$lBLL01$h1029
=CAT  \\$aBATCH-ETHO$b00$c20140502$lBLL01$h0140
=CAT  \\$aBATCH-ETH8$c20170506$lBLL01$h1042
=DRT  \\$aETHOS
=FIN  \\$aY$d20111010
=FMT  \\$a  BK
=LAS  \\$aBATCH-ETH8$b00$c20170506$lBLL01$h1042
=SRC  \\$aEThOS$bethos_marc_111007.mrc
=STA  \\$aSUPPRESSED$bEThOS can't supply or embargoed

