=LDR  03837 am a22004817a 4500
=001  015928935
=003  Uk
=005  20111010153626.0
=006  m\\\\\\\\d\\\\\\\\
=007  cr\|||||||||||
=008  101031s2010\\\\xxk\\\\\sbm\\\000\0\eng\\
=040  \\$aUk$beng$cUk
=082  04$a616.994$223
=100  1\$aJanczar, Szymon Lech.
=245  10$aWWOX, tumour suppressor and modifier gene, as a regulator of gene expression and apoptosis in ovarian cancer$h[electronic resource].
=260  \\$bImperial College London,$c2010.
=300  \\$ap. :$bdigital, PDF file.
=336  \\$atext$2rdacontent
=337  \\$acomputer$2rdamedia
=338  \\$aonline resource$2rdacarrier
=502  \\$aThesis (Ph.D.)--Imperial College London, 2010.
=504  \\$aIncludes bibliographical references.
=520  3\$aWWOX is a tumour suppressor gene, as demonstrated by increased neoplasia incidence in Wwox-knock-out animals, and is frequently disrupted in human cancers. WWOX expression reconstitution abolishes xenograft growth of lung, pancreatic, breast, ovarian and prostate cancer cells. The tumour suppressive function of WWOX is suggested to be related to pro-apoptotic effects or interactions with potentially oncogenic transcription factors leading to their cytoplasmic sequestration and trans-activity inhibition. In physiology WWOX might be involved in metabolism. Our group demonstrated that WWOX reconstitution in ovarian cancer cells inhibits xenograft growth but this was not accompanied by altered in vitro growth or apoptosis rates. Rather, WWOX transfection reduced cancer cell adhesion to extracellular matrix due to reduction of integrin α3 binding. Additionally, our group postulated that natural polymorphic variants of WWOX are linked to ovarian cancer clinico-pathological features. The hypotheses behind this work were that WWOX regulates gene expression or promotes apoptosis in ovarian cancer. Further, this project aimed at confirming the associations of WWOX polymorphisms. I demonstrate no link between WWOX status and the subcellular localization of putative WWOX-binding transcription factors or the expression of their target genes in ovarian cancer cells. The phenotypic consequences of WWOX expression manipulation do not appear to be explained bytranscriptional changes. I show that WWOX increases apoptosis rates in ovarian cancer cells exposed to the chemotherapy agent paclitaxel, but not cisplatin. This is independent of the anti-mitotic function of taxanes and unrelated to integrin regulation. Rather, WWOX promotes cell death during taxane-induced endoplasmic reticulum stress. I propose WWOX-driven cell death during endoplasmic reticulum stress might be also linked to anti-tumorigenic effects in vivo. A validation study did not confirm the link between WWOX genetic variants and ovarian cancer pathology. There is also no link between WWOX polymorphisms and bone metabolism, a trait affected in WWOX-knock-out animals.
=536  \\$aSponsored by: Ovarian Cancer Action
=538  \\$aMode of access: World Wide Web.
=710  2\$aImperial College, London.
=852  4\$aBritish Library$bDSC$cDRT$j519280
=856  40$uhttp://hdl.handle.net/10044/1/5859
=859  \\$aXLD$bEThOS
=CAT  \\$aETHOSBKLG$b00$c20111010$lBLL01$h1536
=CAT  \\$aETHOSBKLG$c20111010$lBLL01$h1608
=CAT  \\$aETHOSBKLG$c20111010$lBLL01$h1632
=CAT  \\$aBATCH$b00$c20111010$lBLL01$h1825
=CAT  \\$aBATCH-UPD$b00$c20121030$lBLL01$h1022
=CAT  \\$aWR13.117$c20130727$lBLL01$h2011
=CAT  \\$aWR13.144/5$c20140418$lBLL01$h1029
=CAT  \\$aBATCH-ETHO$b00$c20140502$lBLL01$h0140
=DRT  \\$aETHOS
=FIN  \\$aY$d20111010
=FMT  \\$a  BK
=LAS  \\$aBATCH-ETHO$b00$c20140502$lBLL01$h0140
=SRC  \\$aEThOS$bethos_marc_111007.mrc
=STA  \\$aSUPPRESSED$bEThOS can't supply or embargoed

