=LDR  04044 am a22004817a 4500
=001  015928936
=003  Uk
=005  20111010153626.0
=006  m\\\\\\\\d\\\\\\\\
=007  cr\|||||||||||
=008  111010s2010\\\\xxk\\\\\sbm\\\000\0\eng\\
=040  \\$aUk$beng$cUk$dUk
=082  04$a621.89$223
=100  1\$aJeon, Soo Il.
=245  10$aImproving efficiency in drive lines$h[electronic resource] :$ban experimental study on churning losses in hypoid axle.
=260  \\$bImperial College, London,$c2010.
=300  \\$ap. :$bdigital, PDF file.
=336  \\$atext$2rdacontent
=337  \\$acomputer$2rdamedia
=338  \\$aonline resource$2rdacarrier
=502  \\$aThesis (Ph.D.)--Imperial College London, 2010.
=504  \\$aIncludes bibliographical references.
=520  3\$aThe research concerns improvement of the power efficiency of lubricated components in automotive drivelines such as transmissions and axles. Meshed gear pairs, rolling bearings, seals and oil churning by rotating components immersed in the oil are studied. The purpose of the research is to explore the most effective way of improving the efficiency in drivelines, focusing on an axle comprising hypoid gears and a differential assembly. First, a study of the nature of losses affecting the efficiency of a simple spur gear box was carried out, and a model of friction and churning in a simple transmission was developed. Next, a detailed experimental study of oil churning losses in a hypoid axle from a four wheel drive road vehicle was carried out using the inertia run-down technique. To perform the above experiments, a new test rig for measuring oil churning losses was designed, manufactured and commissioned. The test rig allowed a wide range of speed and lubricant parameters to be explored and was designed by the author for tests available at different roll and pitch attitudes. In addition, an "extended" housing, consisting of a modified gear case that accepted the same internal components as the production axle but which had much greater internal clearances, was designed and manufactured. This enabled the effects of different casing geometry and of internal baffles to be studied. Additionally, the extension housing was modified to investigate the oil flow inside the housing through its one transparent side for the understanding of the effect of oil flow on churning losses. An investigation of design-related parameters influencing churning losses was carried out using the new test rig. Empirical equations for the churning losses, based on dimensional analysis, were developed to describe the test results. It was found that some combinations of baffles gave a significant reduction in losses. Supplementary tests were carried out usingtransparent windows to visualise the oil flow. These identified some of the mechanisms responsible for the reduction in churning loss and suggested a number of practical methods by which churning could be reduced without compromising the lubricant supply to remote components. It is argued that these innovations can contribute to improving fuel efficiency and limiting oil temperature rise in all-wheel-drive vehicles.
=538  \\$aMode of access: World Wide Web.
=710  2\$aImperial College, London.
=852  4\$aBritish Library$bDSC$cDRT$j519281
=856  40$uhttp://hdl.handle.net/10044/1/5861
=859  \\$aXLD$bEThOS
=CAT  \\$aETHOSBKLG$b00$c20111010$lBLL01$h1536
=CAT  \\$aETHOSBKLG$c20111010$lBLL01$h1608
=CAT  \\$aETHOSBKLG$c20111010$lBLL01$h1632
=CAT  \\$aBATCH$b00$c20111010$lBLL01$h1825
=CAT  \\$aBATCH-UPD$b00$c20121030$lBLL01$h1022
=CAT  \\$aWR13.117$c20130727$lBLL01$h2011
=CAT  \\$aWR13.144/5$c20140418$lBLL01$h1029
=CAT  \\$aBATCH-ETHO$b00$c20140502$lBLL01$h0140
=CAT  \\$aBATCH-ETH8$c20170506$lBLL01$h1042
=DRT  \\$aETHOS
=FIN  \\$aY$d20111010
=FMT  \\$a  BK
=LAS  \\$aBATCH-ETH8$b00$c20170506$lBLL01$h1042
=SRC  \\$aEThOS$bethos_marc_111007.mrc
=STA  \\$aSUPPRESSED$bEThOS can't supply or embargoed

