=LDR  04048 am a22004937a 4500
=001  015928937
=003  Uk
=005  20111010153626.0
=006  m\\\\\\\\d\\\\\\\\
=007  cr\|||||||||||
=008  111010s2010\\\\xxk\\\\\sbm\\\000\0\eng\\
=040  \\$aUk$beng$cUk$dUk
=082  04$a519$223
=100  1\$aKe, Ruian.
=245  10$aMathematical modelling of ion regulations in fungi$h[electronic resource].
=260  \\$bImperial College, London,$c2010.
=300  \\$ap. :$bdigital, PDF file.
=336  \\$atext$2rdacontent
=337  \\$acomputer$2rdamedia
=338  \\$aonline resource$2rdacarrier
=502  \\$aThesis (Ph.D.)--Imperial College London, 2010.
=504  \\$aIncludes bibliographical references.
=520  3\$aIntracellular ion concentration and cation transporter activities are important determinants of many fundamental physiological parameters, including cell turgor, plasma membrane potential and intracellular pH. In order to maintain these parameters within physiological ranges despite external perturbations, cells regulate their transporter activities through both post-translational modifications and gene regulation. In this thesis, the ion regulations in two model fungal species, Saccharomyces cerevisiae and Aspergillus nidulans, are investigated. We use a mathematical modelling approach to gain a quantitative understanding of the impact of collective transporter activities on the intracellular cation concentrations and the cellular adaptation processes. This thesis is mainly composed of two parts: 1) A biophysical and mathematical model is built for the cation transporters and their regulatory proteins to describe the temporal changes of cell volume, intracellular pH and cation concentrations during hyper-osmotic stress, ionic stress and alkaline pH stress in S. cerevisiae. 2) Four models are built for the activation of the alkaline pH responsive transcription factor, PacC, in A. nidulans, based on competing hypotheses. The integrated model in the first part shows that calcineurin activation in response to stress conditions results in a rapid and transient decrease of membrane potential, which we speculate is an important strategy for the cell to respond to unknown external ionic perturbations. The model also confirms the importance of Hog1p phosphorylation on Nha1p and Tok1p for immediate adaptation to salt stress and predicted that activated Hog1p down-regulates Tok1p activity. In alkaline stress conditions, the induction of Ena1p expression results in increased membrane potential. This model provides a theoretical framework for the study of ion homeostasis in stress conditions, the understanding of drug effects, such as FK506. And since the membrane potential is an important determinant of drug uptake, themodel is well suited for the drug development. In the second part of the thesis, results from those competing models for PacC activation show significant difference for the pacC904 mutant strain and suggests that further experiments on this strain would be able to uncover the role of the intermediate form, PacC53, plays in the activation process.
=536  \\$aSponsored by: BBSRC ; BP
=538  \\$aMode of access: World Wide Web.
=710  2\$aImperial College, London.
=852  4\$aBritish Library$bDSC$cDRT$j519282
=856  40$uhttp://hdl.handle.net/10044/1/5866
=859  \\$aXLD$bEThOS
=CAT  \\$aETHOSBKLG$b00$c20111010$lBLL01$h1536
=CAT  \\$aETHOSBKLG$c20111010$lBLL01$h1608
=CAT  \\$aETHOSBKLG$c20111010$lBLL01$h1632
=CAT  \\$aBATCH$b00$c20111010$lBLL01$h1825
=CAT  \\$aBATCH-UPD$b00$c20121030$lBLL01$h1022
=CAT  \\$aWR13.117$c20130727$lBLL01$h2011
=CAT  \\$aWR13.144/5$c20140418$lBLL01$h1029
=CAT  \\$aBATCH-ETHO$b00$c20140502$lBLL01$h0140
=CAT  \\$aBATCH-ETH8$c20170506$lBLL01$h1042
=DRT  \\$aETHOS
=FIN  \\$aY$d20111010
=FMT  \\$a  BK
=LAS  \\$aBATCH-ETH8$b00$c20170506$lBLL01$h1042
=SRC  \\$aEThOS$bethos_marc_111007.mrc
=STA  \\$aSUPPRESSED$bEThOS can't supply or embargoed

