=LDR  03473 am a22004817a 4500
=001  015928938
=003  Uk
=005  20111010153626.0
=006  m\\\\\\\\d\\\\\\\\
=007  cr\|||||||||||
=008  111010s2010\\\\xxk\\\\\sbm\\\000\0\eng\\
=040  \\$aUk$beng$cUk$dUk
=082  04$a539.6$223
=100  1\$aKenner, Joanna.
=245  10$aAtoms in microcavities$h[electronic resource] :$bdetection and spectroscopy.
=260  \\$bImperial College, London,$c2010.
=300  \\$ap. :$bdigital, PDF file.
=336  \\$atext$2rdacontent
=337  \\$acomputer$2rdamedia
=338  \\$aonline resource$2rdacarrier
=502  \\$aThesis (Ph.D.)--Imperial College London, 2010.
=504  \\$aIncludes bibliographical references.
=520  3\$aThis thesis presents work undertaken with cold rubidium atoms interacting with an opticalmicrocavity. The optical microcavity used is unique in its design, being formed between anoptical fibre and silicon micromirror. This allows direct optical access to the cavity mode,whilst the use of microfabrication techniques in the design means that elements of the systemare inherently scalable. In addition, the parameters of the system are such that a single atomhas a substantial impact on the cavity field. In this system, two types of signal arise from the atoms' interaction with the cavity field;a `reflection' signal and a `fluorescence' signal. A theoretical description for these signals ispresented, followed by experiments which characterise the signals under a variety of experimentalconditions. The thesis then explores two areas: the use of the microcavity signals foratom detection and the investigation of how higher atom numbers and, as a result, a largercooperative interaction between the atoms and the cavity field, impacts the signals. First, the use of these signals to detect an effective single atom and individual atoms whilstfalling and trapped is explored. The effectiveness of detection is parameterised in terms ofdetection confidence and signal to noise ratio, detection fidelity and dynamic range. In the second part of this thesis, the effect of higher atom numbers on the reflection and fluorescence signals is investigated. A method for increasing the atom number is presented,alongside experiments investigating the impact on the measured signals. This is followed byexperiments which explore the dispersive nature of the atom-cavity interaction by measuringthe excitation spectrum of the system in reflection and fluorescence. In doing so, it is shownthat, for weak coupling, these two signals are manifestly different.
=538  \\$aMode of access: World Wide Web.
=710  2\$aImperial College, London.
=852  4\$aBritish Library$bDSC$cDRT$j519283
=856  40$uhttp://hdl.handle.net/10044/1/5867
=859  \\$aXLD$bEThOS
=CAT  \\$aETHOSBKLG$b00$c20111010$lBLL01$h1536
=CAT  \\$aETHOSBKLG$c20111010$lBLL01$h1608
=CAT  \\$aETHOSBKLG$c20111010$lBLL01$h1632
=CAT  \\$aBATCH$b00$c20111010$lBLL01$h1825
=CAT  \\$aBATCH-UPD$b00$c20121030$lBLL01$h1022
=CAT  \\$aWR13.117$c20130727$lBLL01$h2011
=CAT  \\$aWR13.144/5$c20140418$lBLL01$h1029
=CAT  \\$aBATCH-ETHO$b00$c20140502$lBLL01$h0140
=CAT  \\$aBATCH-ETH8$c20170506$lBLL01$h1042
=DRT  \\$aETHOS
=FIN  \\$aY$d20111010
=FMT  \\$a  BK
=LAS  \\$aBATCH-ETH8$b00$c20170506$lBLL01$h1042
=SRC  \\$aEThOS$bethos_marc_111007.mrc
=STA  \\$aSUPPRESSED$bEThOS can't supply or embargoed

