=LDR  03530 am a22004817a 4500
=001  015928939
=003  Uk
=005  20111010153626.0
=006  m\\\\\\\\d\\\\\\\\
=007  cr\|||||||||||
=008  111010s2010\\\\xxk\\\\\sbm\\\000\0\eng\\
=040  \\$aUk$beng$cUk$dUk
=082  04$a541.37$223
=100  1\$aKikuchi, Yoko.
=245  10$aMiniaturised glucose-oxygen biofuel cells$h[electronic resource].
=260  \\$bImperial College, London,$c2010.
=300  \\$ap. :$bdigital, PDF file.
=336  \\$atext$2rdacontent
=337  \\$acomputer$2rdamedia
=338  \\$aonline resource$2rdacarrier
=502  \\$aThesis (Ph.D.)--Imperial College London, 2010.
=504  \\$aIncludes bibliographical references.
=520  3\$aMiniaturized glucose-oxygen biofuel cells are useful to power implantablemedical devices such as biosensors. They are small, more biocompatible and runcontinuously on glucose and oxygen, providing cleaner energy at neutral environment. A typical glucose-oxygen biofuel cell consists of an anode with glucose oxidase (GOx)and a cathode with various oxygen reducing catalysts. This thesis describesexperimental investigations of the major issues of such systems, viz.: complex electrodefabrication, enzyme instability and inefficient oxygen reduction. Electrodes were builtusing the simple and scaleable bulk modification method, where all the material wassimply mixed and bound together into composites with epoxy resin. For the anodes, thecomposite made of 10% GOx with 7:7 TTF-TCNQ was found optimal. The GOxelectrodes were modified with various enzyme stabilisers (PEI, DTT, PEG, GLC, FADand mixture of PEI:DTT and PEI:FAD) and 2% of PEI-DTT (1:1 w/w) was mosteffective in the presence of O2. Its maximum output current density was 1.8 x 10-2 ? 9.9x 10-3 A.m-2. It also showed the resistant against O2 electron deprivation and enzymeinhibition. Its KM.was 5 mM. For the cathodes, various oxygen reducing catalysts(metalised carbon, anthroquinone modified carbon, laccase and bilirubin oxidase) wereincorporated into graphite composite and the electrodes were pretreated in differentmedia in order to enhance their catalytic activity. None showed four-electron O2reduction. NaOH-pretreated cobalt (II) salophen composite electrodes showedtwo-electron O2 reduction and were most catalytic. Its standard catalytic rate constantwas 1.2 x 10-5 ? 1.2 x 10-6 m.s-1. Of the catalysts examined, metal complex compositesgave the best results for oxygen-reducing cathodes and their pretreatment led to thesynergetic effect because it increased the concentration of catalytic surface oxygengroups and enhanced oxygen reduction.
=538  \\$aMode of access: World Wide Web.
=710  2\$aImperial College, London.
=852  4\$aBritish Library$bDSC$cDRT$j519284
=856  40$uhttp://hdl.handle.net/10044/1/5868
=859  \\$aXLD$bEThOS
=CAT  \\$aETHOSBKLG$b00$c20111010$lBLL01$h1536
=CAT  \\$aETHOSBKLG$c20111010$lBLL01$h1608
=CAT  \\$aETHOSBKLG$c20111010$lBLL01$h1632
=CAT  \\$aBATCH$b00$c20111010$lBLL01$h1825
=CAT  \\$aBATCH-UPD$b00$c20121030$lBLL01$h1022
=CAT  \\$aWR13.117$c20130727$lBLL01$h2011
=CAT  \\$aWR13.144/5$c20140418$lBLL01$h1029
=CAT  \\$aBATCH-ETHO$b00$c20140502$lBLL01$h0140
=CAT  \\$aBATCH-ETH8$c20170506$lBLL01$h1042
=DRT  \\$aETHOS
=FIN  \\$aY$d20111010
=FMT  \\$a  BK
=LAS  \\$aBATCH-ETH8$b00$c20170506$lBLL01$h1042
=SRC  \\$aEThOS$bethos_marc_111007.mrc
=STA  \\$aSUPPRESSED$bEThOS can't supply or embargoed

