=LDR  03573 am a22004937a 4500
=001  015928940
=003  Uk
=005  20111010153626.0
=006  m\\\\\\\\d\\\\\\\\
=007  cr\|||||||||||
=008  111010s2009\\\\xxk\\\\\sbm\\\000\0\eng\\
=040  \\$aUk$beng$cUk$dUk
=082  04$a004$223
=100  1\$aLebrecht, Abigail.
=245  10$aQueueing network models of zoned RAID system performance$h[electronic resource].
=260  \\$bImperial College, London,$c2009.
=300  \\$ap. :$bdigital, PDF file.
=336  \\$atext$2rdacontent
=337  \\$acomputer$2rdamedia
=338  \\$aonline resource$2rdacarrier
=502  \\$aThesis (Ph.D.)--Imperial College, London, 2009.
=504  \\$aIncludes bibliographical references.
=520  3\$aRAID systems are widely deployed, both as standalone storage solutions and asthe building blocks of modern virtualised storage platforms. An accurate model ofRAID system performance is therefore critical towards fulfilling quality of serviceconstraints for fast, reliable storage. This thesis presents techniques and tools that model response times in zonedRAID systems. The inputs to this analysis are a specified I/O request arrivalrate, an I/O request access profile, a given RAID configuration and physical diskparameters. The primary output of this analysis is an approximation to the cumulativedistribution function of I/O request response time. From this, it is straightforwardto calculate response time quantiles, as well as the mean, variance andhigher moments of I/O request response time. The model supports RAID levels0, 01, 10 and 5 and a variety of workload types. Our RAID model is developed in a bottom-up hierarchical fashion. We begin bymodelling each zoned disk drive in the array as a single M/G/1 queue. The servicetime is modelled as the sum of the random variables of seek time, rotationallatency and data transfer time. In doing so, we take into account the properties ofzoned disks. We then abstract a RAID system as a fork-join queueing network. This comprises several queues, each of which represents one disk drive in the array. We tailor our basic fork-join approximation to account for the I/O requestpatterns associated with particular request types and request sizes under differentRAID levels. We extend the RAID and disk models to support bulk arrivals, requestsof different sizes and scheduling algorithms that reorder queueing requeststo minimise disk head positioning time. Finally, we develop a corresponding simulationto improve and validate the model. To test the accuracy of all our models,we validate them against disk drive and RAID device measurements throughout.
=536  \\$aSponsored by: EPSRC
=538  \\$aMode of access: World Wide Web.
=710  2\$aImperial College, London.
=852  4\$aBritish Library$bDSC$cDRT$j519285
=856  40$uhttp://hdl.handle.net/10044/1/5869
=859  \\$aXLD$bEThOS
=CAT  \\$aETHOSBKLG$b00$c20111010$lBLL01$h1536
=CAT  \\$aETHOSBKLG$c20111010$lBLL01$h1608
=CAT  \\$aETHOSBKLG$c20111010$lBLL01$h1632
=CAT  \\$aBATCH$b00$c20111010$lBLL01$h1825
=CAT  \\$aBATCH-UPD$b00$c20121030$lBLL01$h1022
=CAT  \\$aWR13.117$c20130727$lBLL01$h2011
=CAT  \\$aWR13.144/5$c20140418$lBLL01$h1029
=CAT  \\$aBATCH-ETHO$b00$c20140502$lBLL01$h0140
=CAT  \\$aBATCH-ETH8$c20170506$lBLL01$h1042
=DRT  \\$aETHOS
=FIN  \\$aY$d20111010
=FMT  \\$a  BK
=LAS  \\$aBATCH-ETH8$b00$c20170506$lBLL01$h1042
=SRC  \\$aEThOS$bethos_marc_111007.mrc
=STA  \\$aSUPPRESSED$bEThOS can't supply or embargoed

