=LDR  04138 am a22004937a 4500
=001  015928941
=003  Uk
=005  20111010153626.0
=006  m\\\\\\\\d\\\\\\\\
=007  cr\|||||||||||
=008  111010s2010\\\\xxk\\\\\sbm\\\000\0\eng\\
=040  \\$aUk$beng$cUk$dUk
=082  04$a621.382$223
=100  1\$aLiu, Chi.
=245  10$aCross-layer design of multi-hop wireless networks$h[electronic resource].
=260  \\$bImperial College, London,$c2010.
=300  \\$ap. :$bdigital, PDF file.
=336  \\$atext$2rdacontent
=337  \\$acomputer$2rdamedia
=338  \\$aonline resource$2rdacarrier
=502  \\$aThesis (Ph.D.)--Imperial College London, 2010.
=504  \\$aIncludes bibliographical references.
=520  3\$aMULTI -hop wireless networks are usually defined as a collection of nodesequipped with radio transmitters, which not only have the capability tocommunicate each other in a multi-hop fashion, but also to route each others? datapackets. The distributed nature of such networks makes them suitable for a variety ofapplications where there are no assumed reliable central entities, or controllers, andmay significantly improve the scalability issues of conventional single-hop wirelessnetworks. This Ph. D. dissertation mainly investigates two aspects of the research issuesrelated to the efficient multi-hop wireless networks design, namely: (a) networkprotocols and (b) network management, both in cross-layer design paradigms toensure the notion of service quality, such as quality of service (QoS) in wireless meshnetworks (WMNs) for backhaul applications and quality of information (QoI) inwireless sensor networks (WSNs) for sensing tasks. Throughout the presentation ofthis Ph. D. dissertation, different network settings are used as illustrative examples,however the proposed algorithms, methodologies, protocols, and models are notrestricted in the considered networks, but rather have wide applicability. First, this dissertation proposes a cross-layer design framework integratinga distributed proportional-fair scheduler and a QoS routing algorithm, while usingWMNs as an illustrative example. The proposed approach has significant performancegain compared with other network protocols. Second, this dissertation proposesa generic admission control methodology for any packet network, wired andwireless, by modeling the network as a black box, and using a generic mathematical0. Abstract 3function and Taylor expansion to capture the admission impact. Third, this dissertationfurther enhances the previous designs by proposing a negotiation process,to bridge the applications? service quality demands and the resource management,while using WSNs as an illustrative example. This approach allows the negotiationamong different service classes and WSN resource allocations to reach the optimaloperational status. Finally, the guarantees of the service quality are extended tothe environment of multiple, disconnected, mobile subnetworks, where the questionof how to maintain communications using dynamically controlled, unmanned dataferries is investigated.
=536  \\$aSponsored by: Electrical and Electronic Engineering Departmental Scholarship ; EU FP6 MEMBRANE Project ; US Army-UK MoD co-funded ITA project
=538  \\$aMode of access: World Wide Web.
=710  2\$aImperial College, London.
=852  4\$aBritish Library$bDSC$cDRT$j519286
=856  40$uhttp://hdl.handle.net/10044/1/5870
=859  \\$aXLD$bEThOS
=CAT  \\$aETHOSBKLG$b00$c20111010$lBLL01$h1536
=CAT  \\$aETHOSBKLG$c20111010$lBLL01$h1608
=CAT  \\$aETHOSBKLG$c20111010$lBLL01$h1632
=CAT  \\$aBATCH$b00$c20111010$lBLL01$h1825
=CAT  \\$aBATCH-UPD$b00$c20121030$lBLL01$h1022
=CAT  \\$aWR13.117$c20130727$lBLL01$h2011
=CAT  \\$aWR13.144/5$c20140418$lBLL01$h1029
=CAT  \\$aBATCH-ETHO$b00$c20140502$lBLL01$h0140
=CAT  \\$aBATCH-ETH8$c20170506$lBLL01$h1042
=DRT  \\$aETHOS
=FIN  \\$aY$d20111010
=FMT  \\$a  BK
=LAS  \\$aBATCH-ETH8$b00$c20170506$lBLL01$h1042
=SRC  \\$aEThOS$bethos_marc_111007.mrc
=STA  \\$aSUPPRESSED$bEThOS can't supply or embargoed

