=LDR  06467 am a22004937a 4500
=001  015928942
=003  Uk
=005  20111010153626.0
=006  m\\\\\\\\d\\\\\\\\
=007  cr\|||||||||||
=008  111010s2010\\\\xxk\\\\\sbm\\\000\0\eng\\
=040  \\$aUk$beng$cUk$dUk
=082  04$a006.3$223
=100  1\$aOikonomopoulos, Antonios.
=245  10$aSpatiotemporal visual analysis of human actions$h[electronic resource].
=260  \\$bImperial College, London,$c2010.
=300  \\$ap. :$bdigital, PDF file.
=336  \\$atext$2rdacontent
=337  \\$acomputer$2rdamedia
=338  \\$aonline resource$2rdacarrier
=502  \\$aThesis (Ph.D.)--Imperial College London, 2010.
=504  \\$aIncludes bibliographical references.
=520  3\$aIn this dissertation we propose four methods for the recognition of human activities. In all four ofthem, the representation of the activities is based on spatiotemporal features that are automaticallydetected at areas where there is a significant amount of independent motion, that is, motion that isdue to ongoing activities in the scene. We propose the use of spatiotemporal salient points as featuresthroughout this dissertation. The algorithms presented, however, can be used with any kind of features,as long as the latter are well localized and have a well-defined area of support in space and time. Weintroduce the utilized spatiotemporal salient points in the first method presented in this dissertation. By extending previous work on spatial saliency, we measure the variations in the information content ofpixel neighborhoods both in space and time, and detect the points at the locations and scales for whichthis information content is locally maximized. In this way, an activity is represented as a collection ofspatiotemporal salient points. We propose an iterative linear space-time warping technique in orderto align the representations in space and time and propose to use Relevance Vector Machines (RVM)in order to classify each example into an action category. In the second method proposed in thisdissertation we propose to enhance the acquired representations of the first method. More specifically,we propose to track each detected point in time, and create representations based on sets of trajectories,where each trajectory expresses how the information engulfed by each salient point evolves over time. In order to deal with imperfect localization of the detected points, we augment the observation modelof the tracker with background information, acquired using a fully automatic background estimationalgorithm. In this way, the tracker favors solutions that contain a large number of foreground pixels. In addition, we perform experiments where the tracked templates are localized on specific parts of thebody, like the hands and the head, and we further augment the tracker?s observation model using ahuman skin color model. Finally, we use a variant of the Longest Common Subsequence algorithm(LCSS) in order to acquire a similarity measure between the resulting trajectory representations, andRVMs for classification. In the third method that we propose, we assume that neighboring salientpoints follow a similar motion. This is in contrast to the previous method, where each salient point wastracked independently of its neighbors. More specifically, we propose to extract a novel set of visualdescriptors that are based on geometrical properties of three-dimensional piece-wise polynomials. Thelatter are fitted on the spatiotemporal locations of salient points that fall within local spatiotemporalneighborhoods, and are assumed to follow a similar motion. The extracted descriptors are invariant intranslation and scaling in space-time. Coupling the neighborhood dimensions to the scale at which thecorresponding spatiotemporal salient points are detected ensures the latter. The descriptors that areextracted across the whole dataset are subsequently clustered in order to create a codebook, which isused in order to represent the overall motion of the subjects within small temporal windows. Finally,we use boosting in order to select the most discriminative of these windows for each class, and RVMs forclassification. The fourth and last method addresses the joint problem of localization and recognitionof human activities depicted in unsegmented image sequences. Its main contribution is the use of animplicit representation of the spatiotemporal shape of the activity, which relies on the spatiotemporallocalization of characteristic ensembles of spatiotemporal features. The latter are localized aroundautomatically detected salient points. Evidence for the spatiotemporal localization of the activityis accumulated in a probabilistic spatiotemporal voting scheme. During training, we use boosting inorder to create codebooks of characteristic feature ensembles for each class. Subsequently, we constructclass-specific spatiotemporal models, which encode where in space and time each codeword ensembleappears in the training set. During testing, each activated codeword ensemble casts probabilisticvotes concerning the spatiotemporal localization of the activity, according to the information storedduring training. We use a Mean Shift Mode estimation algorithm in order to extract the most probablehypotheses from each resulting voting space. Each hypothesis corresponds to a spatiotemporal volumewhich potentially engulfs the activity, and is verified by performing action category classification withan RVM classifier.
=536  \\$aSponsored by: Greek State Scholarships Foundation (I.K.Y.)
=538  \\$aMode of access: World Wide Web.
=710  2\$aImperial College, London.
=852  4\$aBritish Library$bDSC$cDRT$j519287
=856  40$uhttp://hdl.handle.net/10044/1/5871
=859  \\$aXLD$bEThOS
=CAT  \\$aETHOSBKLG$b00$c20111010$lBLL01$h1536
=CAT  \\$aETHOSBKLG$c20111010$lBLL01$h1608
=CAT  \\$aETHOSBKLG$c20111010$lBLL01$h1632
=CAT  \\$aBATCH$b00$c20111010$lBLL01$h1825
=CAT  \\$aBATCH-UPD$b00$c20121030$lBLL01$h1022
=CAT  \\$aWR13.117$c20130727$lBLL01$h2011
=CAT  \\$aWR13.144/5$c20140418$lBLL01$h1029
=CAT  \\$aBATCH-ETHO$b00$c20140502$lBLL01$h0140
=CAT  \\$aBATCH-ETH8$c20170506$lBLL01$h1042
=DRT  \\$aETHOS
=FIN  \\$aY$d20111010
=FMT  \\$a  BK
=LAS  \\$aBATCH-ETH8$b00$c20170506$lBLL01$h1042
=SRC  \\$aEThOS$bethos_marc_111007.mrc
=STA  \\$aSUPPRESSED$bEThOS can't supply or embargoed

