=LDR  03580 am a22004817a 4500
=001  015928943
=003  Uk
=005  20111010153626.0
=006  m\\\\\\\\d\\\\\\\\
=007  cr\|||||||||||
=008  101031s2010\\\\xxk\\\\\sbm\\\000\0\eng\\
=040  \\$aUk$beng$cUk
=082  04$a590$223
=100  1\$aPhilippou, Despina.
=245  10$aInteractions between piperonyl butoxide analogues and metabolic enzymes conferring insecticide resistance$h[electronic resource].
=260  \\$bImperial College London,$c2010.
=300  \\$ap. :$bdigital, PDF file.
=336  \\$atext$2rdacontent
=337  \\$acomputer$2rdamedia
=338  \\$aonline resource$2rdacarrier
=502  \\$aThesis (Ph.D.)--Imperial College London, 2010.
=504  \\$aIncludes bibliographical references.
=520  3\$aThe insecticide synergist, piperonyl butoxide (PBO), has been used to reduce resistance factors and to characterise metabolic resistance resulting from mixed function oxidases (MFOs). Studies have also shown that PBO can interact with resistance-associated esterases. It is well-documented that the mechanism by which PBO inhibits P450s is the interaction of the methylenedioxyphenyl (MDP) moiety of PBO molecule with the haem moiety of the enzyme. To investigate the interactions between PBO and esterases, a structure activity relationship (SAR) study was carried out using analogues of PBO and E4, a resistance associated esterase from the peach-potato aphid Myzus persicae. Results indicate that the polyether and the alkyl chain were fundamentally important in this interaction. Removing one oxygen atom from the MDP moiety of PBO did not affect the binding affinity, but increased affinities resulted from the replacement of the polyether with an alkynyl ether chain or by increasing the length of the alkyl chain. An analogue, EN 16/5-1, that retains the ability to interact with esterases but loses the ability to act on P450s, due to a modification to the MDP moiety, was used in conjunction with PBO to facilitate characterisation of metabolic resistance in M. persicae and pollen beetle Meligethes aeneus. Selected analogues of PBO containing the alkynyl ether side chain exhibited high synergistic effects in vivo and were found to be potent inhibitors of O-deethylation of 7-ethoxycoumarin when tested against pyrethroid resistant M. aeneus. The capability of some of the analogues to act as insecticide synergists was investigated in vivo against two M. persicae clones possessing different metabolic resistance profiles. Finally, the potential of PBO analogues to provide potent and/or specific synergism to overcome insecticide resistance and reduce insecticide titre applied to crops is considered.
=536  \\$aSponsored by: Endura SpA
=538  \\$aMode of access: World Wide Web.
=710  2\$aImperial College, London.
=852  4\$aBritish Library$bDSC$cDRT$j519289
=856  40$uhttp://hdl.handle.net/10044/1/5873
=859  \\$aXLD$bEThOS
=CAT  \\$aETHOSBKLG$b00$c20111010$lBLL01$h1536
=CAT  \\$aETHOSBKLG$c20111010$lBLL01$h1608
=CAT  \\$aETHOSBKLG$c20111010$lBLL01$h1632
=CAT  \\$aBATCH$b00$c20111010$lBLL01$h1825
=CAT  \\$aBATCH-UPD$b00$c20121030$lBLL01$h1022
=CAT  \\$aWR13.117$c20130727$lBLL01$h2011
=CAT  \\$aWR13.144/5$c20140418$lBLL01$h1029
=CAT  \\$aBATCH-ETHO$b00$c20140502$lBLL01$h0140
=DRT  \\$aETHOS
=FIN  \\$aY$d20111010
=FMT  \\$a  BK
=LAS  \\$aBATCH-ETHO$b00$c20140502$lBLL01$h0140
=SRC  \\$aEThOS$bethos_marc_111007.mrc
=STA  \\$aSUPPRESSED$bEThOS can't supply or embargoed

