=LDR  03068 am a22004937a 4500
=001  015928944
=003  Uk
=005  20111010153626.0
=006  m\\\\\\\\d\\\\\\\\
=007  cr\|||||||||||
=008  111010s2010\\\\xxk\\\\\sbm\\\000\0\eng\\
=040  \\$aUk$beng$cUk$dUk
=082  04$a621.89$223
=100  1\$aReina, Saverio.
=245  12$aA study of layered contact problems with particular application to tyre-wheel interfaces$h[electronic resource].
=260  \\$bImperial College, London,$c2010.
=300  \\$ap. :$bdigital, PDF file.
=336  \\$atext$2rdacontent
=337  \\$acomputer$2rdamedia
=338  \\$aonline resource$2rdacarrier
=502  \\$aThesis (Ph.D.)--Imperial College London, 2010.
=504  \\$aIncludes bibliographical references.
=520  3\$aThis thesis is concerned with the characterization of layered contact problems. The research projecthas been prompted by an investigation into creep, and ultimately, gross sliding, of rubber tyresfitted around steel wheels in earth moving equipment. In general, slippage between tyre and rimis experienced in common engineering applications employing tyred systems. A general and systematicapproach for investigating the interfacial behaviour of tyred systems has consequently beenproposed. Classical techniques together with novel numerical approaches based on advanced mathematicalprogramming have been implemented to support the investigation. Creep between matingsurfaces, frictional shakedown and measuring friction in partial slip condition are the main objectsof investigation. The analytical and numerical models developed by the author have been complementedby experimental work, whose detailed description is also included in this thesis. Finally,further studies have been performed to shed light on some of the design issues offered by the threedimensionalfull-scale engineering application. The numerical approach based on finite elementmodelling used to tackle these aspects of the project and the experimental work carried out by theauthor to corroborate the numerical findings are also presented.
=536  \\$aSponsored by: GKN ; JCB ; Corus ; Michelin ; UK Technology Strategy Board (TSB)
=538  \\$aMode of access: World Wide Web.
=710  2\$aImperial College, London.
=852  4\$aBritish Library$bDSC$cDRT$j519290
=856  40$uhttp://hdl.handle.net/10044/1/5874
=859  \\$aXLD$bEThOS
=CAT  \\$aETHOSBKLG$b00$c20111010$lBLL01$h1536
=CAT  \\$aETHOSBKLG$c20111010$lBLL01$h1608
=CAT  \\$aETHOSBKLG$c20111010$lBLL01$h1632
=CAT  \\$aBATCH$b00$c20111010$lBLL01$h1825
=CAT  \\$aBATCH-UPD$b00$c20121030$lBLL01$h1022
=CAT  \\$aWR13.117$c20130727$lBLL01$h2011
=CAT  \\$aWR13.144/5$c20140418$lBLL01$h1029
=CAT  \\$aBATCH-ETHO$b00$c20140502$lBLL01$h0140
=CAT  \\$aBATCH-ETH8$c20170506$lBLL01$h1042
=DRT  \\$aETHOS
=FIN  \\$aY$d20111010
=FMT  \\$a  BK
=LAS  \\$aBATCH-ETH8$b00$c20170506$lBLL01$h1042
=SRC  \\$aEThOS$bethos_marc_111007.mrc
=STA  \\$aSUPPRESSED$bEThOS can't supply or embargoed

