=LDR  03931 am a22004817a 4500
=001  015928946
=003  Uk
=005  20111010153626.0
=006  m\\\\\\\\d\\\\\\\\
=007  cr\|||||||||||
=008  101031s2010\\\\xxk\\\\\sbm\\\000\0\eng\\
=040  \\$aUk$beng$cUk
=082  04$a616.2$223
=100  1\$aDorr, Anthony David Peter.
=245  10$aKinetics and roles of individual TNF receptors in models of acute lung injury in mice$h[electronic resource].
=260  \\$bImperial College London,$c2010.
=300  \\$ap. :$bdigital, PDF file.
=336  \\$atext$2rdacontent
=337  \\$acomputer$2rdamedia
=338  \\$aonline resource$2rdacarrier
=502  \\$aThesis (Ph.D.)--Imperial College London, 2010.
=504  \\$aIncludes bibliographical references.
=520  3\$aMechanical ventilation, essential for the support of patients with acute lung injury (ALI), causes exacerbation of the existing pathology, a process termed ventilator-induced lung injury (VILI). The pro-inflammatory cytokine tumour necrosis factor-alpha (TNF) has been consistently implicated in ALI/VILI. TNF activates two receptors, TNFR p55 and p75 that act in opposition during VILI to promote or protect against pulmonary oedema formation, respectively, but the mechanisms underlying this are unknown. Alveolar and plasma soluble TNFR (sTNFR) levels are elevated in ventilated ALI patients and associated with mortality. However, the relevance of these increases is unclear. This project had two main aims: to investigate kinetics and sources of sTNFRs in the alveoli and plasma and investigate mechanisms underlying differential TNFR signalling during VILI, using in vivo mouse models. Investigation of intraalveolar sTNFRs during VILI, and also ALI induced by intratracheal administration of hydrochloric acid or bacterial toxins, showed that intraalveolar sTNFRs are differentially regulated during ALI: VILI/hydrochloric acid induced leakage of sTNFR p55 and p75 from plasma, whereas bacterial toxins induced intraalveolar p75 production. These differences have important implications for TNF signalling and potential use as clinical markers. Investigation of plasma sTNFRs suggests that VILI induces direct production of sTNFRs by the pulmonary vasculature, as opposed to leakage of intraalveolar sTNFRs into the circulation as previously suggested. Development of a flow cytometry technique to study pulmonary TNFR expression was successfully validated using TNFR deficient tissue, but consolidation of data by immunohistochemistry was unsuccessful. Investigation of differential TNFR signalling mechanisms showed that following intratracheal fluid administration, p75 deficient mice exhibit physiological changes consistent with impaired fluid reabsorption, implicating p75 in lung fluid reabsorption during VILI. These data offer new, potentially clinically applicable insights into the involvement of TNFR biology in VILI/ALI and the novel methodologies developed herein constitute useful tools for future research.
=536  \\$aSponsored by: Westminster Medical School Research Trust ; Wellcome Trust
=538  \\$aMode of access: World Wide Web.
=710  2\$aImperial College, London.
=852  4\$aBritish Library$bDSC$cDRT$j519292
=856  40$uhttp://hdl.handle.net/10044/1/5876
=859  \\$aXLD$bEThOS
=CAT  \\$aETHOSBKLG$b00$c20111010$lBLL01$h1536
=CAT  \\$aETHOSBKLG$c20111010$lBLL01$h1608
=CAT  \\$aETHOSBKLG$c20111010$lBLL01$h1632
=CAT  \\$aBATCH$b00$c20111010$lBLL01$h1825
=CAT  \\$aBATCH-UPD$b00$c20121030$lBLL01$h1022
=CAT  \\$aWR13.117$c20130727$lBLL01$h2011
=CAT  \\$aWR13.144/5$c20140418$lBLL01$h1029
=CAT  \\$aBATCH-ETHO$b00$c20140502$lBLL01$h0140
=DRT  \\$aETHOS
=FIN  \\$aY$d20111010
=FMT  \\$a  BK
=LAS  \\$aBATCH-ETHO$b00$c20140502$lBLL01$h0140
=SRC  \\$aEThOS$bethos_marc_111007.mrc
=STA  \\$aSUPPRESSED$bEThOS can't supply or embargoed

