=LDR  03965 am a22004817a 4500
=001  015928947
=003  Uk
=005  20111010153626.0
=006  m\\\\\\\\d\\\\\\\\
=007  cr\|||||||||||
=008  101031s2010\\\\xxk\\\\\sbm\\\000\0\eng\\
=040  \\$aUk$beng$cUk
=082  04$a572.6$223
=100  1\$aRana, Rohini R.
=245  10$aStructural and functional characterisation of novel bacterial Toll/Interleukin-1 receptor (TIR)-like proteins$h[electronic resource].
=260  \\$bImperial College London,$c2010.
=300  \\$ap. :$bdigital, PDF file.
=336  \\$atext$2rdacontent
=337  \\$acomputer$2rdamedia
=338  \\$aonline resource$2rdacarrier
=502  \\$aThesis (Ph.D.)--Imperial College London, 2010.
=504  \\$aIncludes bibliographical references.
=520  3\$aThe extracellular domain of Toll-like receptors (TLRs) recognises highly specific pathogen-associated molecular patterns in innate immunity. This causes molecular rearrangement of the intracellular Toll/Interleukin-1 (TIR) domains of the TLRs allowing recruitment of downstream adaptor proteins via heterotypic TIR-TIR protein interactions. This in turn initiates a signalling cascade leading to proinflammatory immune responses. Recent work has indicated that TIR-like proteins (TLPs)from pathogenic bacteria contain TIR domains and interfere with host TLR signalling. Bacterial TLPs are suggested to bind to the TIR domains of host TLRs and/or adaptor proteins, thereby inhibiting intracellular signalling. This project focuses on characterisation of the TLPs from the highly pathogenic bacteria Yersinia pestis (YpTLP) and Burkholderia pseudomallei (BpTLP). The aim of the project was to produce soluble, pure and stable TLPs of yields suitable for functional and structural studies. Bacterial TLPs were expressed in E. coli. Expression of the full-length YpTLP and BpTLP using pWaldo-GFPe yielded 2.78 mg/l and 2.52 mg/l respectively. Protein purification steps were complicated by protein precipitation, possible degradation and misfolding. Subsequent efforts focused on the expression of the TIR only domain/homologue regions: YpTIR and BpTIR. Soluble YpTIR and BpTIR were expressed using pET26b. GST pull down assays indicated positive interactions between His-tagged YpTIR/BpTIR and GST-tagged human MyD88-TIR, a major adaptor protein, revealing MyD88 as a potential target of the bacterial TLPs. However expression yields of pure protein were too low to allow further studies. YpTIR and BpTIR were then expressed as fusions with an N-terminal GB1 tag using GEV2. Subsequent purification produced highly pure GB1-YpTIR (5 mg/l). NMR analysis indicated that the protein was folded and likely to be in a dimeric form, a finding confirmed by gel filtration. Native and derivative crystals of YpTIR were obtained, and native diffraction datasets collected to 2.95 A. Further work includes obtaining the phase information. It is anticipated that the crystal structure of YpTIR will provide insight into the molecular basis of TIR signalling and evidence of evolutionary conservation among TIR domains.
=536  \\$aSponsored by: Dstl
=538  \\$aMode of access: World Wide Web.
=710  2\$aImperial College, London.
=852  4\$aBritish Library$bDSC$cDRT$j519293
=856  40$uhttp://hdl.handle.net/10044/1/5878
=859  \\$aXLD$bEThOS
=CAT  \\$aETHOSBKLG$b00$c20111010$lBLL01$h1536
=CAT  \\$aETHOSBKLG$c20111010$lBLL01$h1608
=CAT  \\$aETHOSBKLG$c20111010$lBLL01$h1632
=CAT  \\$aBATCH$b00$c20111010$lBLL01$h1825
=CAT  \\$aBATCH-UPD$b00$c20121030$lBLL01$h1022
=CAT  \\$aWR13.117$c20130727$lBLL01$h2011
=CAT  \\$aWR13.144/5$c20140418$lBLL01$h1029
=CAT  \\$aBATCH-ETHO$b00$c20140502$lBLL01$h0140
=DRT  \\$aETHOS
=FIN  \\$aY$d20111010
=FMT  \\$a  BK
=LAS  \\$aBATCH-ETHO$b00$c20140502$lBLL01$h0140
=SRC  \\$aEThOS$bethos_marc_111007.mrc
=STA  \\$aSUPPRESSED$bEThOS can't supply or embargoed

