=LDR  03884 am a22004817a 4500
=001  015928948
=003  Uk
=005  20111010153626.0
=006  m\\\\\\\\d\\\\\\\\
=007  cr\|||||||||||
=008  101031s2010\\\\xxk\\\\\sbm\\\000\0\eng\\
=040  \\$aUk$beng$cUk
=082  04$a612.8$223
=100  1\$aSurmacz, Beata.
=245  10$aRole for DLK1 in neuronal differentiation of mouse and human embryonic stem cells$h[electronic resource].
=260  \\$bImperial College London,$c2010.
=300  \\$ap. :$bdigital, PDF file.
=336  \\$atext$2rdacontent
=337  \\$acomputer$2rdamedia
=338  \\$aonline resource$2rdacarrier
=502  \\$aThesis (Ph.D.)--Imperial College London, 2010.
=504  \\$aIncludes bibliographical references.
=520  3\$aOne of the fundamental goals in neuroscience is to understand how the diverse types of neurons are generated by stem and progenitor cells in the vertebrate central nervous system. To understand the mechanism that underlies this process, a greater knowledge of the molecular control of the acquisition of neuronal identity is still required. This knowledge is not only important for understanding of normal central nervous system development, but is also key to uncovering the mechanisms of neurological diseases. In the last decades a great progress in the in vivo studies has been made, thus enabling for generation of neural progenitor cells (NPCs) from pluripotent embryonic stem cells (ESCs) in vitro. There are a few signalling molecules and growth factors known to be involved in the progression of NPCs to neurons in vitro and in vivo, which act as components of signalling pathways such as Notch, Shh and Wnt. Role of Notch pathway is however the best characterised. In this thesis a role for protein that belongs to the family of Notch receptors and ligands, called Delta like 1-homologue (DLK1), in neuronal differentiation of ESCs-derived NPCs was investigated. Firstly time course of DLK1 expression during in vitro neuronal differentiation of mouse ESCs and in the developing mouse brain was examined. The results indicated that the expression of DLK1 is associated with neuronal differentiation. Following that the effect of DLK1 on the differentiation and proliferation of hESCs and mESCs-derived NPCs was tested. Induction of DLK1 in mNPCs, by making use of CreERT2 system, as well exposure of hNPCs to the molecule resulted in positive modulation of the number of differentiated neurons. Moreover DLK1 did not seem to have any effect on cell proliferation. Lastly to address a question whether DLK1 acts through Notch pathway, Hes1 luciferase assay was applied. The data showed that DLK1 negatively regulates Hes1 luciferase activity in mNPCs and hNPCs. Downregulation of Hes1 transcript was further confirmed by qPCR. Taken together studies described in this thesis propose a novel function for DLK1 as one of the molecules involved in the complex cascade of factors modulating neuronal differentiation.
=536  \\$aSponsored by: SPRING/Parkinson?s Disease Society
=538  \\$aMode of access: World Wide Web.
=710  2\$aImperial College, London.
=852  4\$aBritish Library$bDSC$cDRT$j519294
=856  40$uhttp://hdl.handle.net/10044/1/5879
=859  \\$aXLD$bEThOS
=CAT  \\$aETHOSBKLG$b00$c20111010$lBLL01$h1536
=CAT  \\$aETHOSBKLG$c20111010$lBLL01$h1608
=CAT  \\$aETHOSBKLG$c20111010$lBLL01$h1632
=CAT  \\$aBATCH$b00$c20111010$lBLL01$h1825
=CAT  \\$aBATCH-UPD$b00$c20121030$lBLL01$h1022
=CAT  \\$aWR13.117$c20130727$lBLL01$h2011
=CAT  \\$aWR13.144/5$c20140418$lBLL01$h1029
=CAT  \\$aBATCH-ETHO$b00$c20140502$lBLL01$h0140
=DRT  \\$aETHOS
=FIN  \\$aY$d20111010
=FMT  \\$a  BK
=LAS  \\$aBATCH-ETHO$b00$c20140502$lBLL01$h0140
=SRC  \\$aEThOS$bethos_marc_111007.mrc
=STA  \\$aSUPPRESSED$bEThOS can't supply or embargoed

