=LDR  03375 am a22004817a 4500
=001  015928949
=003  Uk
=005  20111010153626.0
=006  m\\\\\\\\d\\\\\\\\
=007  cr\|||||||||||
=008  111010s2010\\\\xxk\\\\\sbm\\\000\0\eng\\
=040  \\$aUk$beng$cUk$dUk
=082  04$a541$223
=100  1\$aTang, Tsing-Young Dora.
=245  10$aStructural parameters and dynamics of lyotropic liquid crystalline phases in hydrated monolinolein$h[electronic resource].
=260  \\$bImperial College, London,$c2010.
=300  \\$ap. :$bdigital, PDF file.
=336  \\$atext$2rdacontent
=337  \\$acomputer$2rdamedia
=338  \\$aonline resource$2rdacarrier
=502  \\$aThesis (Ph.D.)--Imperial College London (University of London), 2010.
=504  \\$aIncludes bibliographical references.
=520  3\$aTo date, the stability of inverse bicontinuous cubic phases and the mechanism of lamellar to cubictransitions are poorly understood due to limited experimental resolution and reproducibility. Systematic experimental data is imperative for reasonable testing and verification of establishedtheoretical models in this area. This thesis focuses on two aspects of lyotropic phase behaviour;the equilibrium behaviour of lyotropic liquid crystalline phases and the transitions between theequilibrium states. When monolinolein (ML) is mixed with water it forms a variety of inverse lyotropic phases, forexample the lamellar, inverse bicontinuous phases (QIIG and QIID) and the inverse hexagonal phase(HII) which makes this lipid an ideal candidate for study of these phases. The monolinoleinequilibrium phase behaviour has been characterised as a function of pressure, temperature andhydration using SAXS (small angle X-ray scattering) and the data used to verify the existence of thepivotal surface in the QIIG phase. Knowing the location of the pivotal surface allows one to calculatethe total energy of these structures. The second part of this thesis discusses the kinetics of the lamellar to QIIG transition in monolinoleinunder limited hydration conditions using the pressure jump time resolved X-ray diffractiontechnique. Lamellar to inverse bicontinuous cubic phase transitions are relevant to fundamentalcellular processes such as membrane fusion and fission due to structural similarities of themechanisms. The sequence of structural changes observed from kinetic experiments are discussedin relation to the Stalk Mechanism and the data analysed using a quantitative model.
=538  \\$aMode of access: World Wide Web.
=710  2\$aImperial College, London.
=852  4\$aBritish Library$bDSC$cDRT$j519295
=856  40$uhttp://hdl.handle.net/10044/1/5880
=859  \\$aXLD$bEThOS
=CAT  \\$aETHOSBKLG$b00$c20111010$lBLL01$h1536
=CAT  \\$aETHOSBKLG$c20111010$lBLL01$h1608
=CAT  \\$aETHOSBKLG$c20111010$lBLL01$h1632
=CAT  \\$aBATCH$b00$c20111010$lBLL01$h1825
=CAT  \\$aBATCH-UPD$b00$c20121030$lBLL01$h1022
=CAT  \\$aWR13.117$c20130727$lBLL01$h2011
=CAT  \\$aWR13.144/5$c20140418$lBLL01$h1029
=CAT  \\$aBATCH-ETHO$b00$c20140502$lBLL01$h0140
=CAT  \\$aBATCH-ETH8$c20170506$lBLL01$h1042
=DRT  \\$aETHOS
=FIN  \\$aY$d20111010
=FMT  \\$a  BK
=LAS  \\$aBATCH-ETH8$b00$c20170506$lBLL01$h1042
=SRC  \\$aEThOS$bethos_marc_111007.mrc
=STA  \\$aSUPPRESSED$bEThOS can't supply or embargoed

