=LDR  03591 am a22004697a 4500
=001  015928950
=003  Uk
=005  20111010153626.0
=006  m\\\\\\\\d\\\\\\\\
=007  cr\|||||||||||
=008  101031s2010\\\\xxk\\\\\sbm\\\000\0\eng\\
=040  \\$aUk$beng$cUk
=082  04$a612$223
=100  1\$aTardugno, Angelo.
=245  10$aNovel approaches to statistical shape modelling of bone$h[electronic resource].
=260  \\$bImperial College London,$c2010.
=300  \\$ap. :$bdigital, PDF file.
=336  \\$atext$2rdacontent
=337  \\$acomputer$2rdamedia
=338  \\$aonline resource$2rdacarrier
=502  \\$aThesis (Ph.D.)--Imperial College London, 2010.
=504  \\$aIncludes bibliographical references.
=520  3\$aThe femur is the longest bone in the human body and serves the important purposes of load-bearing and allowing bipedal locomotion. Accurate modelling of the variation in shape within the healthy adult population can be useful for a variety of applications - from the mere anatomical description of its features, in order to better understand its function, to more complex tasks such as pathology detection or surgical planning. Statistical Shape Modelling (SSM) is a well-established technique that enables to capture the variability within a set of training shapes and describes it with a reduced set of variables. The aim of this thesis is to evaluate the performance of a SSM based on a point cloud representation of shape, and introduce and test subsequent improvements to the modelling process that can increase its clinical relevance and scope of application. The standard approach to SSM employs a dimension-reducing technique, generally by means of Principal Component Analysis (PCA). However, this approach favours the compactness of the model, thus not focusing on other aspects that may be more relevant to clinical practice. Although rotation of the principal components is commonly performed as a post-processing step in statistical analysis involving PCA, it is not routinely applied in SSM. By applying this class of rotation, the components' effects are more localised, allowing a better interpretation, understanding and classification of pathological deformities. Among other possible representations, the Medial Axis Transform (MAT) could offer a further insight into shape modelling, since it allows the information about thickness to be decoupled from the rest of the shape. SSMs based on this representation can lead to a different perspective on the understanding of femoral anatomy and function,and can also enable the reconstruction of the complete anatomy starting from a reduced set of features, with diverse applications in the fields of surgical planning, forensic science and paleontology.
=538  \\$aMode of access: World Wide Web.
=710  2\$aImperial College, London.
=852  4\$aBritish Library$bDSC$cDRT$j519296
=856  40$uhttp://hdl.handle.net/10044/1/5881
=859  \\$aXLD$bEThOS
=CAT  \\$aETHOSBKLG$b00$c20111010$lBLL01$h1536
=CAT  \\$aETHOSBKLG$c20111010$lBLL01$h1608
=CAT  \\$aETHOSBKLG$c20111010$lBLL01$h1632
=CAT  \\$aBATCH$b00$c20111010$lBLL01$h1825
=CAT  \\$aBATCH-UPD$b00$c20121030$lBLL01$h1022
=CAT  \\$aWR13.117$c20130727$lBLL01$h2011
=CAT  \\$aWR13.144/5$c20140418$lBLL01$h1029
=CAT  \\$aBATCH-ETHO$b00$c20140502$lBLL01$h0140
=DRT  \\$aETHOS
=FIN  \\$aY$d20111010
=FMT  \\$a  BK
=LAS  \\$aBATCH-ETHO$b00$c20140502$lBLL01$h0140
=SRC  \\$aEThOS$bethos_marc_111007.mrc
=STA  \\$aSUPPRESSED$bEThOS can't supply or embargoed

