=LDR  03777 am a22004937a 4500
=001  015928953
=003  Uk
=005  20111010153626.0
=006  m\\\\\\\\d\\\\\\\\
=007  cr\|||||||||||
=008  111010s2009\\\\xxk\\\\\sbm\\\000\0\eng\\
=040  \\$aUk$beng$cUk$dUk
=082  04$a571.6$223
=100  1\$aSancho, Maria Margarida Gouveia.
=245  10$aFunction of Bmpr1a in ES cell differentiation and cell competition$h[electronic resource].
=260  \\$bImperial College, London,$c2009.
=300  \\$ap. :$bdigital, PDF file.
=336  \\$atext$2rdacontent
=337  \\$acomputer$2rdamedia
=338  \\$aonline resource$2rdacarrier
=502  \\$aThesis (Ph.D.)--Imperial College London, 2009.
=504  \\$aIncludes bibliographical references.
=520  3\$aBone morphogenetic protein (BMP) 4 signalling via BMPR1A is required for themaintenance of the epiblast in the early embryo, and for self-renewal of pluripotentmouse embryonic stem (ES) cells by inhibiting neural differentiation. In this study, theself-renewal and differentiation abilities of ES cells lacking BMPR1A wereinvestigated. Bmpr1a-null ES cells did not respond to BMP4 but retained a degree ofSMAD1/5/8 activation and Id1 expression. This activation was likely due to BMP7signalling via ACVR1. The observation that Bmpr1a-/- ES cells showed no selfrenewalor pluripotency defects suggested that signalling by BMPs of the 60asubgroup (such as BMP7) can also maintain pluripotency. When Bmpr1a-/- ES cellswere differentiated, although they did form derivatives of the three germ layers, theydisplayed a higher propensity to undergo neurectodermal specification than controlcells, likely due to their lower levels of BMP signalling. Cell Competition is the process by which viable cells are eliminated in the presenceof metabolically more active or fitter cells. In Drosophila this process depends ondMyc levels and on limiting amounts of the survival factor Decapentaplegic(homologous to the mammalian BMPs). When Bmpr1a-/- ES cells were co-culturedwith wild-type cells, they gradually disappeared from the culture and were thereforeout-competed. This cell competition was enhanced by limiting the amounts ofsurvival and growth factors and could be rescued by restoring BMP4 signalling inBmpr1a-/- cells. In co-culture, Bmpr1a-/- ES cells showed no significant changes inapoptosis but had a decreased cell cycle rate and increased levels of differentiation. Concomitantly, higher c-MYC levels were observed in wild-type cells due toincreased protein stability. The out-competition of Bmpr1a-/- cells was dependent on differentiation as it could be prevented by inhibiting this process. These resultssuggest that during development cell competition may be an important mechanismcontrolling cell fate and survival.
=536  \\$aSponsored by: Fundação para a Ciência e a Tecnologia; Medical Research Council
=538  \\$aMode of access: World Wide Web.
=710  2\$aImperial College, London.
=852  4\$aBritish Library$bDSC$cDRT$j519300
=856  40$uhttp://hdl.handle.net/10044/1/5885
=859  \\$aXLD$bEThOS
=CAT  \\$aETHOSBKLG$b00$c20111010$lBLL01$h1536
=CAT  \\$aETHOSBKLG$c20111010$lBLL01$h1608
=CAT  \\$aETHOSBKLG$c20111010$lBLL01$h1632
=CAT  \\$aBATCH$b00$c20111010$lBLL01$h1825
=CAT  \\$aBATCH-UPD$b00$c20121030$lBLL01$h1022
=CAT  \\$aWR13.117$c20130727$lBLL01$h2011
=CAT  \\$aWR13.144/5$c20140418$lBLL01$h1029
=CAT  \\$aBATCH-ETHO$b00$c20140502$lBLL01$h0140
=CAT  \\$aBATCH-ETH8$c20170506$lBLL01$h1042
=DRT  \\$aETHOS
=FIN  \\$aY$d20111010
=FMT  \\$a  BK
=LAS  \\$aBATCH-ETH8$b00$c20170506$lBLL01$h1042
=SRC  \\$aEThOS$bethos_marc_111007.mrc
=STA  \\$aSUPPRESSED$bEThOS can't supply or embargoed

