=LDR  03614 am a22004817a 4500
=001  015929896
=003  Uk
=005  20111010153634.0
=006  m\\\\\\\\d\\\\\\\\
=007  cr\|||||||||||
=008  111010s2003\\\\xxk\\\\\sbm\\\000\0\eng\\
=040  \\$aUk$beng$cUk
=082  04$a362$223
=100  1\$aFitzgerald, Niamh.
=245  10$aSchool-based drug education in Northeast Scotland$h[electronic resource] :$bpolicy, planning and practice.
=260  \\$bRobert Gordon University,$c2003.
=300  \\$ap. :$bdigital, PDF file.
=336  \\$atext$2rdacontent
=337  \\$acomputer$2rdamedia
=338  \\$aonline resource$2rdacarrier
=502  \\$aThesis (Ph.D.)--Robert Gordon University, 2003.
=504  \\$aIncludes bibliographical references.
=520  3\$aThis research utilised qualitative methods to gain a deeper insight into the policy, planning and practice of school-based drug education than had previously been achieved in Scotland. Semi-structured interviews were carried out with staff in nine Grampian secondary schools together with a case study of one school. The case study involved direct lesson observations as well as in-depth interviews and feedback sessions with stakeholders in drug education including staff and 48 pupils. In both parts of the study schools were selected by theoretical sampling, each interview was transcribed in full and all data were annotated and analysed with the aid of specialist computer software. Validity and reliability were enhanced by constant vigilance in data analysis and by various procedures including reactivity analysis, peer examination, triangulation and consideration of any potential bias on the part of the researcher. The highest standards of ethics were applied throughout the study. Whereas previous studies have revealed the lack of impact of drug education on drug-taking behaviour in young people, this research is unique in attempting to explain this lack of impact. The research findings revealed that teaching and learning processes in drug education were below best practice as defined by the relevant research literature and national guidelines. Four key underlying issues were identified: (1) A lack of clarity and understanding about the goals of drug education; (2) A lack of time and support for researching, planning and reviewing drug education; (3) A low priority assigned to Personal and Social Education (PSE) in general; (4) A failure to recognise drug education as a broad and complex subject requiring considerable expertise to teach. Fundamental changes to how drug education is approached both locally and nationally would be required to resolve these issues in full. Ihe nature of these changes is discussed in detail in the thesis.
=538  \\$aMode of access: World Wide Web.
=710  2\$aRobert Gordon University.
=852  4\$aBritish Library$bDSC$cDRT$j520324
=856  40$uhttp://hdl.handle.net/10059/524
=859  \\$aXLD$bEThOS
=CAT  \\$aETHOSBKLG$b00$c20111010$lBLL01$h1536
=CAT  \\$aETHOSBKLG$c20111010$lBLL01$h1608
=CAT  \\$aETHOSBKLG$c20111010$lBLL01$h1632
=CAT  \\$aBATCH$b00$c20111010$lBLL01$h1826
=CAT  \\$aBATCH-UPD$b00$c20121030$lBLL01$h1022
=CAT  \\$aWR13.117$c20130727$lBLL01$h2011
=CAT  \\$aWR13.144/5$c20140418$lBLL01$h1029
=CAT  \\$aBATCH-ETHO$b00$c20150802$lBLL01$h0151
=CAT  \\$aBATCH-ETH8$c20170506$lBLL01$h1042
=DRT  \\$aETHOS
=FIN  \\$aY$d20111010
=FMT  \\$a  BK
=LAS  \\$aBATCH-ETH8$b00$c20170506$lBLL01$h1042
=SRC  \\$aEThOS$bethos_marc_111007.mrc
=STA  \\$aSUPPRESSED$bEThOS can't supply or embargoed

