=LDR  03004 am a22004817i 4500
=001  015930153
=003  Uk
=005  20111010153637.0
=006  m\\\\\\\\d\\\\\\\\
=007  cr\|||||||||||
=008  111010s2007\\\\xxk\\\\\sbm\\\000\0\eng\\
=040  \\$aUk$beng$cUk$dUk
=082  14$a791.43$215
=100  1\$aShand, Ryan John.
=245  10$aAmateur cinema$h[electronic resource] :$bhistory, theory and genre (1930-80).
=260  \\$bUniversity of Glasgow,$c2007.
=300  \\$ap. :$bdigital, PDF file.
=336  \\$atext$2rdacontent
=337  \\$acomputer$2rdamedia
=338  \\$aonline resource$2rdacarrier
=502  \\$aThesis (Ph.D.)--University of Glasgow, 2007.
=504  \\$aIncludes bibliographical references.
=520  3\$aThis thesis draws largely on primary material from the Scottish Screen Archive and related museum sources. The project establishes a critical dialogue between university-based Film Studies and the archive sector, via a series of case studies of influential groups, individuals, and movements. Prefaced by a chapter entitled ?Theorising Amateur Film: Limitations and Possibilities? detailing the domination of amateur cinema studies by discussion of the ?home mode?, I suggest that work to date has obscured an understanding of films made by cine-clubs within the highly organised film culture of British amateur cine movement. The main body of the thesis consists of four chapters exploring the most popular generic practices of ?institutionalised? amateur filmmakers, focusing on: art cinema, the ?film play?, community filmmaking, and the amateur heritage picture. I argue that these production strands were formed by discourses circulating within amateur film journals, ?how to do it? manuals and amateur film festivals. Amateur cinema was viewed throughout as a parallel cine movement existing alongside professional practices, enjoying an ambivalent relationship to inherited professional standards. The final chapter, ?Amateur Film Re-Located?, proposes a fresh theorisation of ?local? amateur production within a national film culture, marked by distinctly cosmopolitan connections.
=538  \\$aMode of access: World Wide Web.
=710  2\$aUniversity of Glasgow.
=852  4\$aBritish Library$bDSC$cDRT$j520615
=856  40$uhttp://theses.gla.ac.uk/2745/
=859  \\$aXLD$bEThOS
=CAT  \\$aETHOSBKLG$b00$c20111010$lBLL01$h1536
=CAT  \\$aETHOSBKLG$c20111010$lBLL01$h1608
=CAT  \\$aETHOSBKLG$c20111010$lBLL01$h1632
=CAT  \\$aBATCH$b00$c20111010$lBLL01$h1826
=CAT  \\$aBATCH-UPD$b00$c20121030$lBLL01$h1022
=CAT  \\$aWR13.117$c20130727$lBLL01$h2012
=CAT  \\$aWR13.144/5$c20140418$lBLL01$h1030
=CAT  \\$aBATCH-ETHO$b00$c20160102$lBLL01$h0143
=CAT  \\$aBATCH-ETH8$c20170506$lBLL01$h1043
=DRT  \\$aETHOS
=FIN  \\$aY$d20111010
=FMT  \\$a  BK
=LAS  \\$aBATCH-ETH8$b00$c20170506$lBLL01$h1043
=SRC  \\$aEThOS$bethos_marc_111007.mrc
=STA  \\$aSUPPRESSED$bEThOS can't supply or embargoed

