=LDR  03961 am a22004937a 4500
=001  015934043
=003  Uk
=005  20111010153713.0
=006  m\\\\\\\\d\\\\\\\\
=007  cr\|||||||||||
=008  111010s2010\\\\xxk\\\\\sbm\\\000\0\eng\\
=040  \\$aUk$beng$cUk$dUk
=082  04$a942$223
=100  1\$aSmith, Kate Esther,$d1981-
=245  14$aThe potter's skill$h[electronic resource] :$bperceptions of workmanship in the English ceramic industries, 1760-1800.
=260  \\$bUniversity of Warwick,$c2010.
=300  \\$ap. :$bdigital, PDF file.
=336  \\$atext$2rdacontent
=337  \\$acomputer$2rdamedia
=338  \\$aonline resource$2rdacarrier
=502  \\$aThesis (Ph.D.)--University of Warwick, 2010.
=504  \\$aIncludes bibliographical references.
=520  3\$aThis thesis focuses on perceptions of workmanship in the English porcelain and earthenware industries between 1760 and 1800. Research by Berg and Clifford has demonstrated a new interest in and valuation of workmanship by contemporaries in the eighteenth century. Yet little is known of what contemporaries understood workmanship to mean, or be. This thesis argues that understandings of workmanship affected both the consumption and production practices of eighteenth-century contemporaries. It does so by concentrating on six groups of people ? industrial tourists, consumers, retailers, designers, manufacturers and workers. It demonstrates the different ways in which contemporaries perceived hand skills and tacit knowledge by examining a range of sources such as letters, prints, trade cards, travel accounts and objects. This thesis concludes that meanings of ?workmanship? - that combination of effort, work and skill - were shifting in the second half of the eighteenth century. For those not employed in manufacturing, reading manuals, seeing production in action and handling objects all challenged their ideas of workmanship. These experiences encouraged contemporaries to question the meaning of innovative products and the manufacturing techniques used to make them. Similarly, in manufacturing the development of the design process and the demands of novelty and standardisation forced manufacturers, designers and modellers to ask how to achieve ?excellent workmanship?. At the same time, workers understood and valued their work in different terms ? as a hard-won, social and physical skill. This thesis argues that for eighteenth-century contemporaries ?workmanship? was a complex idea, under challenge from developments in production and consumption. In so doing it moves the interlinked history of manufacturing and consumption away from the extant debates of economic historians and into a different sub-disciplinary space, namely cultural history; a space that has tended to neglect the cultural aspects of production.
=536  \\$aSponsored by: University of Warwick ; Henry Francis du Pont Winterthur Museum ; Royal Historical Society (Great Britain) ; Economic History Society ; University of Warwick. Humanities Research Centre ; University of Warwick. Dept. of History
=538  \\$aMode of access: World Wide Web.
=710  2\$aUniversity of Warwick.
=852  4\$aBritish Library$bDSC$cDRT$j524975
=856  40$uhttp://wrap.warwick.ac.uk/3791/
=859  \\$aXLD$bEThOS
=CAT  \\$aETHOSBKLG$b00$c20111010$lBLL01$h1537
=CAT  \\$aETHOSBKLG$c20111010$lBLL01$h1609
=CAT  \\$aETHOSBKLG$c20111010$lBLL01$h1632
=CAT  \\$aBATCH$b00$c20111010$lBLL01$h1827
=CAT  \\$aBATCH-UPD$b00$c20121030$lBLL01$h1022
=CAT  \\$aWR13.117$c20130727$lBLL01$h2013
=CAT  \\$aWR13.144/5$c20140418$lBLL01$h1031
=CAT  \\$aBATCH-ETHO$b00$c20140502$lBLL01$h0140
=CAT  \\$aBATCH-ETH8$c20170506$lBLL01$h1043
=DRT  \\$aETHOS
=FIN  \\$aY$d20111010
=FMT  \\$a  BK
=LAS  \\$aBATCH-ETH8$b00$c20170506$lBLL01$h1043
=SRC  \\$aEThOS$bethos_marc_111007.mrc
=STA  \\$aSUPPRESSED$bEThOS can't supply or embargoed

