=LDR  03054 am a22004817a 4500
=001  015937500
=003  Uk
=005  20111010153745.0
=006  m\\\\\\\\d\\\\\\\\
=007  cr\|||||||||||
=008  111010s2010\\\\xxk\\\\\sbm\\\000\0\eng\\
=040  \\$aUk$beng$cUk$dUk
=082  04$a371.3$223
=100  1\$aChen, Yih Shyuan.
=245  10$aImplementing and sustaining ICT integration in schools$h[electronic resource] :$bA case study of two primary schools in Taiwan.
=260  \\$bUniversity of Birmingham,$c2010.
=300  \\$ap. :$bdigital, PDF file.
=336  \\$atext$2rdacontent
=337  \\$acomputer$2rdamedia
=338  \\$aonline resource$2rdacarrier
=502  \\$aThesis (Ph.D.).--University of Birmingham, 2010.
=504  \\$aIncludes bibliographical references.
=520  3\$aThe main purpose of this research was to explore the reasons why some schools are successful in pedagogical innovations in ICT integration, while others are less so. This research centres on two rural schools in Taiwan with different levels of sustainability of ICT implementation. In this research, ?School A? was identified as successfully sustaining pedagogical innovations in ICT integration; ?School B? was identified as not yet successfully sustaining pedagogical innovations in this regard. Questionnaires, interviews and documentary reviews were the research sources. The results confirmed a clear difference between School A and School B in their leadership approaches in the processes of implementing ICT. Leadership in School A was collaborative and proactive. Leadership in School B was limited to ICT experts and formal leaders. Moreover, compared with ICT resources and training, perceived compatibility of the ICT-integrated pedagogy and informal learning had a greater impact on teachers? persistence of ICT integration. Finally, compared with parents? support and cross-school learning, the governmental support was found to be more influential to ICT implementation in school settings. Currently, there is still limited research examining ICT implementation in Taiwanese rural schools. This study could serve as a reference for further research in this regard.
=538  \\$aMode of access: World Wide Web.
=710  2\$aUniversity of Birmingham.
=852  4\$aBritish Library$bDSC$cDRT$j529104
=856  40$uhttp://etheses.bham.ac.uk/1328/
=859  \\$aXLD$bEThOS
=CAT  \\$aETHOSBKLG$b00$c20111010$lBLL01$h1537
=CAT  \\$aETHOSBKLG$c20111010$lBLL01$h1609
=CAT  \\$aETHOSBKLG$c20111010$lBLL01$h1633
=CAT  \\$aBATCH$b00$c20111010$lBLL01$h1829
=CAT  \\$aBATCH-UPD$b00$c20121030$lBLL01$h1022
=CAT  \\$aWR13.117$c20130727$lBLL01$h2014
=CAT  \\$aWR13.144/5$c20140418$lBLL01$h1032
=CAT  \\$aBATCH-ETHO$b00$c20140502$lBLL01$h0141
=CAT  \\$aBATCH-ETH8$c20170506$lBLL01$h1044
=DRT  \\$aETHOS
=FIN  \\$aY$d20111010
=FMT  \\$a  BK
=LAS  \\$aBATCH-ETH8$b00$c20170506$lBLL01$h1044
=SRC  \\$aEThOS$bethos_marc_111007.mrc
=STA  \\$aSUPPRESSED$bEThOS can't supply or embargoed

