=LDR  03803 am a22004817i 4500
=001  015941675
=003  Uk
=005  20111010153823.0
=006  m\\\\\\\\d\\\\\\\\
=007  cr\|||||||||||
=008  111010s2011\\\\xxk\\\\\sbm\\\000\0\eng\\
=040  \\$aUk$beng$cUk$dUk
=082  14$a320$215
=100  1\$aHasan, Zulkifli Bin.
=245  10$aShar'ah governance in Islamic financial institutions in Malaysia, GCC countries and the UK$h[electronic resource].
=260  \\$bUniversity of Durham,$c2011.
=300  \\$ap. :$bdigital, PDF file.
=336  \\$atext$2rdacontent
=337  \\$acomputer$2rdamedia
=338  \\$aonline resource$2rdacarrier
=502  \\$aThesis (Ph.D.)--University of Durham, 2011.
=504  \\$aIncludes bibliographical references.
=520  3\$aShar??ah governance is peculiarly exclusive and unique to Islamic systems of financial management. While affirming the need for sound and efficient Shar??ah governance as a crucial part of corporate governance in Islamic financial institutions (IFIs), it has nevertheless been found that little has been written on the subject. In view of the scarcity of literature and specific studies in this area, this study aims to explore the state of Shar??ah governance practices in IFIs, particularly in Malaysia, GCC countries (Kuwait, Bahrain, United Arab Emirates, Qatar and Saudi Arabia) and the UK, as these countries present distinctive models and approaches towards Shar??ah governance in diverse legal environments. This study explores and analyses the extent of Shar??ah governance practices by highlighting seven main areas of Shar??ah governance: (i) Shar??ah governance approaches; (ii) regulatory frameworks and by-laws; (iii) roles of Shar??ah boards; (iv) attributes of Shar??ah boards in terms of independence, competence, transparency and confidentiality; (v) operational procedures; (vi) Shar??ah board assessment; and (vii) disclosure practice. Since the availability of data and information on Shar??ah governance practices is very limited, a detailed questionnaire was generated for the sourcing of primary data from IFIs. As part of the qualitative research strategy, semi-structured interviews were conducted with Shar??ah scholars, specifically to explore their perceptions on selected Shar??ah governance issues. In addition, the content analysis approach was used in extracting and analysing the data and factual input derived from information and resources on IFIs? websites, exchange websites, annual reports and financial statements. The findings in this study interestingly reveal that there are shortcomings and weaknesses in the present practice of Shar??ah governance in all seven core areas mentioned above. Based on the empirical analysis extracted from the research findings, the study finally offers and formulates some policy recommendations for the purpose of enhancing and improving the present Shar??ah governance system.
=538  \\$aMode of access: World Wide Web.
=710  2\$aUniversity of Durham.
=852  4\$aBritish Library$bDSC$cDRT$j533645
=856  40$uhttp://etheses.dur.ac.uk/810/
=859  \\$aXLD$bEThOS
=CAT  \\$aETHOSBKLG$b00$c20111010$lBLL01$h1538
=CAT  \\$aETHOSBKLG$c20111010$lBLL01$h1609
=CAT  \\$aETHOSBKLG$c20111010$lBLL01$h1633
=CAT  \\$aBATCH$b00$c20111010$lBLL01$h1831
=CAT  \\$aBATCH-UPD$b00$c20121030$lBLL01$h1022
=CAT  \\$aWR13.117$c20130727$lBLL01$h2016
=CAT  \\$aWR13.144/5$c20140418$lBLL01$h1033
=CAT  \\$aBATCH-ETHO$b00$c20160102$lBLL01$h0143
=CAT  \\$aBATCH-ETH8$c20170506$lBLL01$h1045
=DRT  \\$aETHOS
=FIN  \\$aY$d20111010
=FMT  \\$a  BK
=LAS  \\$aBATCH-ETH8$b00$c20170506$lBLL01$h1045
=SRC  \\$aEThOS$bethos_marc_111007.mrc
=STA  \\$aSUPPRESSED$bEThOS can't supply or embargoed

